2508 4450
262 647 447 706 Aenus
488 641 528 701 Π.
569 618 740 700 'serni
772 645 826 700 111.
908 655 968 726 24'7

162 741 212 804 De.
233 741 293 820 Ego
305 761 349 798 me
359 755 443 820 nego:
465 753 504 804 tu,
521 739 572 817 'qui
586 740 634 807 ais,
655 737 746 818 redige
761 739 788 797 in
799 745 970 804 memoriam.

160 826 208 884 Ph.
223 824 284 882 Eho
298 824 305 880 l
326 836 355 878 tu
369 821 504 880 sobrinum
516 833 655 876 tuumnon
670 837 747 876 noras
762 823 773 879 l
796 817 847 877 De.
857 819 970 880 Enicas:

161 903 218 962 Dic
231 919 340 961 nomen.
360 899 408 1040 {Va
423 901 557 958 Nomen?
578 916 715 961 maxume.
736 897 788 960 Dr.
813 899 888 978 Qtid
899 921 985 964 nunt:v

322 999 348 1038 es
446 1033 448 1038 .

159 995 406 1200 Ph‘Perllcherplp
421 1059 548 1195 lGnomen
568 1055 684 1136 perdidi.
714 1055 765 1116 De.
790 1057 884 1118 Hem!
905 1059 972 1138 quid

279 1140 342 1198 air?
406 1181 412 1194 .
458 1151 511 1208 eta,

160 1217 188 1276 Si
196 1217 338 1277 meministi
349 1217 378 1275 id
388 1217 462 1294 quod
471 1207 537 1274 olim
548 1216 702 1285 distumest,
709 1215 815 1292 subjice.
830 1218 911 1276 hem!
931 1237 971 1295 40
1078 1237 1081 1242 ·

159 1297 226 1356 Non
234 1297 304 1358 dico.
324 1297 400 1376 quast
410 1317 466 1354 non
476 1297 558 1362 noris,
580 1309 712 1354 tentatum
723 1297 840 1354 advenis.

157 1376 208 1439 De.
221 1377 315 1455 Egone
324 1393 416 1436 autem
424 1390 500 1434 tento
516 1379 526 1433 Ξ
539 1375 589 1431 Ge.
604 1375 717 1452 Stilpho.
743 1375 791 1433 Ph.
803 1377 896 1455 Atque
904 1373 972 1436 adeo

297 1455 342 1514 uid
355 1461 442 1516 mea?

159 1531 261 1613 Stilpho
276 1478 324 1598 ist.
359 1535 410 1594 De.
438 1535 529 1611 Qem
544 1532 638 1592 dixti?
661 1533 709 1592 Ph.
731 1531 910 1612 Stilphonem,
931 1535 972 1592 in·

276 1635 370 1692 quam,
396 1618 535 1672 noveras?

162 1693 214 1754 De.
234 1693 333 1828 Nepue
353 1711 405 1768 ego
426 1692 504 1747 illum
518 1709 632 1749 noram:
653 1711 741 1770 neque
759 1691 829 1751 mihi
843 1691 974 1772 cognatur

295 1784 333 1829 uit

165 1847 422 1986 Qrilquamdillhoc
442 1846 561 1904 nomine.
582 1845 743 1906 Plaltanel
765 1864 820 1904 non
838 1862 864 1906 te
878 1846 979 1910 horum

301 1931 389 1986 oet?
806 1943 808 1948 ’

159 2009 202 2067 At
220 1948 387 2067 sitalenthrn
402 2026 460 2066 rem
475 2005 621 2082 reliquillet
635 2003 738 2062 decem.
935 1947 977 2005 4⁵

162 2089 214 2146 Dc.
239 2083 279 2145 Di
293 2083 342 2144 tibi
355 2087 426 2145 male
439 2085 540 2144 faciant
555 2086 562 2142 l
583 2083 631 2142 Ph.
656 2083 762 2142 Primus
776 2085 848 2154 effes,
873 2097 977 2144 memo·

281 2180 346 2224 riter

162 2246 323 2324 Progeniem
333 2243 449 2304 vostram
458 2241 539 2322 usque
545 2243 580 2302 ab
592 2263 643 2302 avo
652 2255 733 2320 atque
743 2231 822 2300 atavo
830 2241 978 2320 proferens.

163 2327 215 2385 De.
236 2327 279 2385 lta
295 2341 323 2384 ot
336 2325 411 2384 dicis.
432 2339 551 2400 egotum
564 2323 583 2380 li
597 2321 771 2392 advenissem,
792 2326 839 2401 qui
849 2325 919 2382 mihi

164 2407 291 2483 Cognata
302 2425 334 2462 ea
344 2405 417 2472 esset,
437 2407 566 2460 dicerem.
586 2403 683 2460 itidem
697 2417 725 2459 tu
737 2403 803 2460 face.
939 2422 978 2482 50

165 2487 253 2556 Cedo,
272 2486 319 2562 qui
329 2485 366 2541 est
377 2497 494 2560 cognata
509 2487 519 2542 ἓ
542 2483 593 2544 Ge.
608 2483 661 2552 Eu,
676 2483 762 2540 noster
775 2485 782 2540 l
802 2483 892 2542 redte:
912 2481 978 2542 heus

284 2565 335 2622 tul
355 2581 431 2622 cave.

165 2644 205 2702 Ph
236 2643 364 2702 Dilucide
374 2641 498 2722 expedivi
514 2663 524 2706 t
543 2640 640 2722 quibus
649 2660 694 2700 me
705 2641 826 2718 oportuit

166 2723 314 2802 Juditibas.
336 2738 404 2791 turn,
424 2722 480 2780 fiid
495 2721 590 2784 falsum
599 2721 696 2790 fuerat,
717 2722 786 2778 filius

168 2803 226 2860 Cur
237 2821 290 2858 non
298 2802 396 2859 refellit
409 2807 420 2860 l
442 2802 492 2859 De.
505 2801 606 2858 Filium
617 2807 708 2858 narras
721 2799 811 2858 mihi?

168 2880 293 2955 Cujusde
306 2881 415 2938 stultitia
427 2878 490 2944 diei,
511 2893 541 2934 ut
551 2879 664 2958 dignam
677 2880 723 2946 est,
744 2897 799 2934 non
812 2874 904 2956 potest.
941 2899 955 2958 ς
961 2899 976 2960 3

169 2960 216 3018 Ph.
233 2959 273 3015 At
286 2971 325 3025 tu,
346 2957 393 3034 qui
407 2956 506 3034 sapiens
517 2976 553 3025 ca,
574 2957 741 3034 magistratus
757 2956 802 3012 adi
815 2980 823 3020 3
995 2979 999 2982 ·

170 3037 309 3116 Judicium
321 3035 457 3094 decadem
468 3035 546 3092 caula
566 3035 664 3092 iterum
679 3049 708 3092 ut
720 3035 832 3092 reddant
846 3035 895 3093 tibi
907 3056 914 3094 ι

172 3107 402 3193 Qandoqoidem
413 3113 480 3172 solus
492 3133 586 3191 regnas
601 3133 610 3177 r
632 3123 656 3173 dc
671 3115 719 3173 soli
734 3115 797 3171 licet

170 3197 229 3254 Hic
242 3196 275 3250 de
285 3195 465 3254 eademeausa
480 3195 519 3252 bis
533 3193 667 3266 judicium
682 3193 830 3270 adipiscier.
916 3245 918 3252 .

174 3275 225 3338 De.
239 3273 292 3332 Etsi
306 3273 374 3332 mihi
385 3273 455 3330 satta
469 3273 567 3350 injuria
578 3271 617 3341 ’st,
638 3287 824 3330 verumtamen
942 3273 981 3336 60

175 3355 277 3424 Potius,
297 3373 380 3430 quam
390 3353 448 3412 lites
458 3353 547 3421 scater,
562 3366 608 3408 aut
617 3373 699 3428 quarn
709 3367 735 3409 te
743 3353 863 3424 audiam,

173 3431 273 3496 Itidem
293 3448 323 3490 ut
332 3447 447 3510 cognata
459 3433 477 3488 sr
491 3431 531 3499 srt,
553 3430 581 3488 id
590 3432 664 3506 quod
677 3431 805 3506 lexjnbet

176 3511 278 3580 Dotem
288 3513 362 3585 dare,
382 3512 485 3575 abduce
498 3512 586 3578 hanes
606 3513 692 3572 minas
704 3513 824 3590 quinque
835 3512 969 3648 πεῖραρ,

955 3613 981 3652 Ι),
