2508 4450
309 601 365 660 ²3²
523 582 545 641 P
586 584 617 642 H
659 585 688 642 O
727 584 754 644 R
793 585 828 644 M
866 588 882 644 I
922 589 958 647 0.

300 686 351 744 Vol
347 701 422 746 umas
431 686 518 759 vfira
531 687 563 762 fi
571 689 611 745 ad
620 689 681 746 Po'e't
671 703 723 746 tam
743 691 878 765 accefferit,

299 765 373 824 Dare
385 781 501 844 operam
522 767 600 841 adeste
609 789 686 844 aequo
697 789 780 824 anemo
789 784 834 842 per
837 769 992 843 filemnem
1014 749 1017 756 Ι
1072 787 1106 846 30
1223 798 1227 809 =

296 844 426 922 Nefim'lr'
448 862 551 904 utamur
562 849 683 920 firtana,
703 861 780 924 atque
793 847 931 922 ustsrmus,
980 907 984 910 ,

299 924 441 1004 Qumper
450 927 581 986 rumulrum
593 927 667 1000 nqsqer
675 947 743 1004 grex
752 938 829 984 motus
842 927 891 984 loca
903 929 940 998 ss.

299 1005 385 1080 Quem
392 1011 489 1064 adoris
501 1010 587 1062 virtus
606 1003 673 1062 nobis
685 1005 794 1078 restiluit
804 1006 900 1068 locum

295 1083 445 1162 Bonitasque
453 1084 537 1158 vostra
550 1083 680 1159 orbatam,
699 1096 777 1163 atque
791 1089 987 1162 aequanimitas.

427 1240 642 1302 ACTUS
683 1242 707 1300 Ι.
786 1243 931 1303 δοιιιι
961 1246 986 1307 Ι.

609 1321 809 1379 Βινυι
908 1336 910 1343 ·

384 1398 419 1458 M
430 1401 444 1458 I
456 1401 519 1460 eU
532 1402 549 1458 S
570 1399 686 1462 summus
700 1419 786 1470 meus,
809 1407 834 1458 δι
843 1402 980 1478 popularis
999 1404 1084 1472 Geta,

395 1481 466 1543 Heri
480 1481 567 1540 adme
580 1481 674 1538 venit
694 1494 751 1535 erar
764 1499 789 1536 er
783 1480 835 1538 de
843 1481 995 1538 ranuncula

292 1559 497 1694 {lampridem
471 1559 542 1635 apud
551 1577 596 1614 me
609 1557 753 1631 relliquom
763 1557 942 1636 pauxillulum

325 1657 498 1698 ummorurn:
527 1635 555 1692 id
569 1650 599 1692 ut
608 1633 779 1692 conficerem
800 1621 916 1694 confeci
935 1637 1041 1696 adfero.

289 1715 365 1774 Nam
376 1715 489 1774 herilem
503 1714 625 1772 filium
603 1733 658 1790 ers
671 1712 773 1773 duxisse
784 1713 865 1772 audio
1084 1737 1101 1798 ς

287 1794 421 1853 Uxorem.
442 1795 479 1863 ei,
498 1793 590 1862 eredo,
610 1811 707 1850 munus
725 1793 945 1851 hoccorraditur.

290 1876 384 1953 Qram
402 1874 495 1951 inique
505 1887 693 1949 comparatum
707 1873 762 1932 est!
783 1873 812 1930 hi
826 1873 873 1950 qui
893 1875 980 1932 minus
989 1874 1100 1947 habent,

288 1954 331 2014 Ut
343 1953 447 2030 semper
459 1953 562 2031 aliquid
575 1952 675 2010 addant
688 1951 866 2011 divitioribus.

290 2033 375 2112 Quod
388 2035 433 2090 ille
448 2034 577 2092 unciatim
586 2033 632 2090 vix
645 2031 679 2088 de
689 2031 815 2090 demenso
828 2031 885 2101 suo,

289 2115 374 2172 Suum
387 2111 532 2172 defrudans
541 2112 661 2190 genium,
681 2112 826 2188 comparfit
838 2110 928 2177 miser,
1064 2132 1099 2178 ro

287 2193 322 2252 Id
335 2195 381 2252 illa
396 2191 549 2250 universum
562 2191 677 2268 abripiet
691 2210 698 2246 ε
721 2191 793 2252 haud
806 2191 967 2256 existumans

192 2321 207 2334 .,
288 2276 400 2346 Qranto
414 2271 507 2330 labore
517 2285 633 2347 parrum.
655 2290 737 2346 porro
751 2287 841 2336 autem
854 2271 928 2328 Geta

286 2351 409 2414 Ferietur
422 2351 477 2408 alio
491 2370 610 2419 munere,
634 2350 679 2412 ubi
690 2351 757 2408 hera
767 2350 919 2426 pepererit:

284 2429 369 2488 Porro
383 2445 474 2488 autern
484 2430 549 2499 alio,
570 2429 615 2488 ubi
630 2430 681 2487 erit
694 2449 777 2506 puero
791 2430 886 2486 natalis
899 2429 955 2488 dies
969 2449 976 2487 :

283 2509 344 2567 Ubi
358 2510 511 2574 initiabant.
531 2529 612 2566 omne
624 2509 675 2566 hoc
686 2525 774 2566 mater
782 2509 884 2568 auferet
900 2529 906 2566 ι
1058 2531 1067 2568 1
1074 2502 1103 2590 ς’

282 2587 352 2648 Puer
363 2588 443 2658 cause
454 2589 506 2656 erit
516 2587 652 2654 mittupdi.
693 2589 744 2648 Sed
760 2589 866 2646 videon'
882 2589 1006 2650 Getam?

418 2666 631 2723 ACTUS
672 2667 695 2724 Ι.
737 2669 953 2728 ὃοειιΑΙΙ.

476 2765 487 2792 0
570 2745 672 2804 Gerr.
714 2745 835 2802 DAvvs.

281 2829 328 2886 Ge.
395 2827 409 2884 1
421 2825 482 2904 quis
495 2843 539 2890 me
549 2839 660 2903 quaeret
671 2823 754 2886 rufus.
783 2825 837 2884 Da.
853 2825 958 2888 Praesto
967 2827 1023 2891 est3
1044 2827 1088 2888 de.

512 2905 574 2964 fine.
596 2906 647 2962 Ge.
662 2905 729 2962 Oh!
959 2933 977 2976 ρ
1028 2971 1030 2978 J

280 2988 321 3046 At
344 2985 531 3124 egohobvpam
553 2985 672 3044 conabar
685 2985 744 3054 tibi,
766 2983 854 3046 Dave.
896 2983 951 3044 Da.
973 2988 1085 3065 Accipe.

417 3085 460 3124 em

240 3152 243 3157 '
278 3145 391 3208 Ledam
406 3147 463 3202 est:
484 3159 625 3202 convemet
638 3163 773 3212 numerus
794 3158 925 3220 quantum
935 3143 1026 3202 debur

278 3225 329 3279 Ge.
353 3227 426 3280 Amo
437 3239 472 3294 tc
494 3224 739 3301 &nonneglexiffe
759 3225 846 3280 habeo
860 3225 985 3302 gratiam

276 3300 331 3357 Da
347 3301 503 3362 Praesertim
516 3318 545 3360 ut
559 3323 629 3360 nunc
640 3303 697 3360 lunt
705 3323 809 3360 mores
824 3303 891 3362 adeo
905 3324 945 3360 res
955 3303 1040 3362 redit.
1062 3321 1076 3384 5

274 3378 301 3442 &i
314 3379 373 3463 quis
383 3399 431 3460 qur
423 3381 448 3441 d
462 3379 560 3456 reddit,
580 3402 680 3461 magna
689 3381 813 3450 habenda
823 3382 963 3461 'stgratia
1026 3461 1042 3522 s
1059 3459 1079 3530 d

1044 3481 1058 3525 e
