2508 4450
279 660 341 726 ¹34
441 641 939 712 ‚PHORMlOr

273 745 475 808 Citharisbiam
489 767 497 804 :
515 743 589 809 bano
598 767 692 808 amare
703 748 793 827 coepit
801 747 916 826 perdite.

272 823 314 884 Ea
334 825 466 886 serviebat
478 828 568 886 lenoni
582 828 773 906 impurissimo:
1150 893 1154 904 ·

271 903 375 982 Neque
385 907 460 985 quod
472 907 582 968 daretur
591 907 751 987 quidquam,
772 905 938 966 idcumrant
950 917 1049 985 patrea.

272 983 403 1046 Restabat
412 988 486 1046 aliud
500 988 577 1058 nihil,
598 987 646 1045 nist
660 987 752 1045 oculos
770 985 889 1064 pascere,
1050 997 1084 1068 35

272 1063 384 1135 scuni,
404 1065 537 1126 inludunt
548 1067 659 1137 ducere,
680 1065 856 1126 &reducem

268 1143 332 1202 Noa
344 1146 422 1203 otiofi
435 1165 546 1224 operam
559 1145 693 1206 &bamus
706 1145 865 1204 Phaedriae.

266 1219 302 1280 In
312 1243 368 1301 quo
379 1225 446 1284 baec
456 1224 577 1286 discebat
593 1227 671 1297 ludo,
690 1225 878 1286 exadvorsum
890 1223 990 1285 eiloco

265 1301 415 1364 Tonstrina
424 1320 483 1364 erat
493 1307 639 1384 quaedam.
660 1306 706 1365 hic
720 1305 871 1364 solebamus
891 1306 949 1364 fere
1010 1355 1012 1358 .

266 1379 376 1442 Plerum
397 1404 430 1442 ue
441 1405 502 1444 earn
516 1387 645 1465 opperiri,
665 1386 732 1443 dum
743 1385 806 1442 indo
820 1386 873 1443 iret
881 1385 1005 1442 domum.
1045 1401 1089 1458 4⁰

263 1403 448 1524 Intereadum
461 1465 581 1525 sedemus
593 1467 659 1534 illic,
680 1463 825 1522 intervenit

263 1543 428 1602 Adolescens
441 1545 552 1620 quidam
566 1546 724 1600 lacrumans.
745 1559 794 1596 noa
809 1539 955 1596 mirarier:

262 1619 414 1698 Rogamus,
442 1621 508 1700 quid
534 1621 586 1680 lit?
618 1637 773 1698 numquam
795 1636 894 1695 aeque,
928 1618 1032 1696 iuquit,
1051 1638 1086 1680 ae

444 1720 462 1758 o

260 1773 406 1856 Paupertas
416 1743 487 1838 milii
497 1799 567 1838 onus
578 1777 724 1848 visumesl,
746 1782 772 1837 dr
786 1774 927 1846 miserum,
949 1781 976 1836 ἃ
986 1797 1081 1856 graue,

260 1857 351 1916 Modo
361 1859 512 1938 qu'amdam
525 1859 582 1918 vidi
595 1860 731 1939 virginem
742 1857 789 1916 bic
799 1856 922 1926 viciniae
1038 1869 1079 1934 43

261 1935 405 2008 Miseram,
426 1939 502 1998 suam
516 1953 635 1998 matrem
660 1937 808 1999 lamentari
822 1949 969 1994 mortuam.

262 2015 305 2076 Ea
314 2017 363 2078 fita
375 2033 434 2080 erat
446 2039 481 2079 ex
493 2018 637 2080 advorsum
651 2037 659 2075 ι
680 2036 769 2096 neque
780 2015 821 2074 illi
832 2014 1002 2084 benevolens,

264 2097 365 2176 Neque
388 2115 477 2170 nonu,
508 2115 596 2178 neque
616 2111 758 2178 oognatus,
790 2109 867 2155 extra
880 2112 963 2153 unam
990 2091 1080 2152 amco·

382 2179 449 2250 lam,

263 2255 417 2334 Quisquam
437 2258 539 2328 aderat,
560 2261 607 2337 qni
620 2258 754 2336 adjurant
771 2256 860 2314 sunm.
880 2253 1029 2313 miseritum
1040 2253 1081 2311 'sb

260 2333 351 2412 Virgo
363 2329 420 2416 ipsa
432 2338 502 2397 sacie
513 2341 632 2418 egregia.
653 2337 721 2416 quid
734 2335 823 2396 verbis
832 2336 897 2414 opu'
907 2335 960 2395 ’sti

260 2413 424 2474 Commorat
438 2437 532 2477 omnes
545 2439 602 2476 noa
623 2419 662 2476 ibi
674 2419 804 2477 contiuno
816 2413 959 2496 Antipho:

261 2491 386 2552 Vbltisne
398 2496 605 2558 eamuaviserel
626 2500 709 2556 aliua:
728 2495 833 2556 oenseo.

258 2570 367 2630 Eamus.
387 2573 502 2632 duc-nos
516 2573 598 2634 sodes.
621 2577 713 2634 lrnua:
733 2577 879 2633 venimus:

258 2651 398 2710 Videmus.
420 2653 638 2731 uirgop‘ulchral
660 2661 695 2723 dr,
716 2668 773 2732 quo
786 2651 995 2732 magisdice'res,

257 2727 339 2790 Nihil
352 2731 446 2790 aderat
459 2733 610 2809 adjumenti
619 2733 655 2792 ad
667 2732 912 2812 pulchritudinem.
1035 2745 1048 2808 ς
1054 2742 1069 2807 ς

259 2812 379 2889 Capillus
391 2813 486 2890 passus,
507 2815 592 2872 nudus
605 2833 662 2894 pes,
683 2813 738 2892 ipsa
747 2813 859 2872 horrida
871 2827 887 2868 ι’
1120 2815 1122 2822 ’

259 2894 419 2964 Lacrumae‚
444 2895 550 2953 vestitus
561 2897 667 2973 turpis:
689 2909 728 2963 ut,
748 2895 777 2952 ni
790 2894 831 2952 vis
840 2891 908 2950 boni

256 2975 291 3032 In
305 2973 361 3049 ipsa
374 2974 467 3034 inesset
480 2975 578 3046 forma,
598 2976 667 3034 haec
680 2975 799 3033 sormam
814 2972 1014 3048 extinguerent.

256 3052 317 3120 Ille,
339 3055 386 3131 qui
398 3056 474 3116 illam
484 3057 594 3115 amabat
605 3055 752 3124 fidicinam,
773 3049 974 3118 tantummodo,

256 3131 336 3200 Satis,
351 3135 449 3212 inquit,
462 3137 527 3196 scita
537 3138 575 3196 'lb
596 3138 684 3195 noller
692 3154 766 3193 uero.
788 3131 843 3190 Da.
858 3130 922 3206 Jam
936 3128 1011 3187 scio:
1033 3124 1072 3184 dd

255 3209 360 3267 Amare
370 3219 467 3293 coepit.
488 3218 539 3274 Ge.
554 3217 627 3277 Scin’
639 3220 746 3295 quam?
766 3232 822 3292 quo
834 3209 942 3278 evadat,
963 3207 1035 3267 uide·

256 3285 387 3374 {osiridie
401 3296 435 3352 ad
445 3315 529 3354 anum
543 3300 615 3356 tedia
627 3297 724 3376 pergit.
745 3291 877 3361 obsecrat,

253 3363 308 3422 Sr'br
328 3379 359 3422 ut
371 3370 428 3443 eju·
442 3373 526 3436 faciat
535 3379 652 3461 copiam.
672 3373 804 3436 illaenim
820 3371 955 3448 senegart
970 3447 1004 3507 N
1037 3453 1072 3502 a
1145 3405 1153 3430 t
