2458 4436
275 671 327 732 ψ
488 637 910 714 nDnteHn

271 743 468 826 Sedquaeso,ut
475 763 528 800 una
535 762 640 803 mecum
648 743 679 800 ad
690 760 805 802 matrem
812 745 924 823 virginit
932 743 1077 816 eanMicio

274 831 366 906 Atque
374 823 563 892 istueceadern,
575 843 645 898 quae
656 825 723 880 milri
733 824 871 894 dixti‚tute
880 825 952 884 diens
962 823 1068 884 mulieri
1081 829 1088 870 ἴ

275 908 458 988 Sulpicionem
473 903 543 958 hanc
563 919 672 980 propter
694 904 806 965 fratrent
820 904 877 979 ejus
890 905 954 976 effe,
975 911 1001 964 δι
1016 905 1093 964 illum

394 983 542 1062 psaltriam.

279 1067 331 1125 Mt
351 1065 380 1122 Si
400 1065 437 1120 ita
460 1079 575 1140 acquum
590 1057 686 1128 censes,
716 1075 763 1120 aut
781 1062 854 1125 fiita
866 1083 934 1141 opus
947 1064 985 1125 est
1008 1063 1092 1130 fastu,

396 1159 497 1200 carnus.
519 1141 567 1196 He.
583 1141 655 1198 Bene
670 1140 755 1198 fucis:
1059 1160 1095 1202 ro

281 1219 1098 1298 Nam&illianimurnjamrelevabrs‚quaedoloreacmiseria

281 1301 426 1362 Tabescit:
439 1305 519 1356 &tuo
527 1297 618 1356 officio
628 1300 707 1356 fueris
719 1301 830 1360 funerus.
846 1301 912 1360 sedsr
922 1302 1002 1360 aliter
1009 1317 1099 1383 putas,

280 1385 397 1462 Egomet
406 1377 534 1445 narrabo,
555 1380 703 1456 quaemihi
716 1381 792 1438 dixti.
812 1382 864 1438 Mi.
879 1383 970 1440 Immo
980 1381 1100 1459 egoibo.

404 1459 452 1515 He.
472 1457 544 1514 Bene
559 1457 629 1514 facis.

268 1543 399 1610 'Omneq
418 1537 515 1616 quibus
529 1557 569 1594 res
589 1535 647 1592 sunt
659 1537 746 1596 minus
760 1535 899 1606 secundae,
919 1538 1007 1619 magis
1025 1535 1100 1606 sunt,

409 1617 497 1674 nescio
507 1615 654 1692 quomodo,

290 1697 428 1776 suspiciosi
438 1716 445 1750 t
457 1694 491 1756 ad
501 1694 692 1760 contumeliam
703 1695 795 1755 omnia
803 1695 940 1771 accipiunt
946 1696 1051 1774 tnagis:
1069 1715 1078 1752 1
1085 1715 1101 1774 ς

292 1780 403 1854 Propter
416 1775 489 1832 suam
498 1774 686 1850 impotentiam
707 1773 732 1830 se
754 1775 856 1852 semper
869 1774 981 1832 eredunt
991 1775 1106 1852 negligi.

294 1855 466 1936 Qrupropter
487 1868 522 1988 test
534 1852 620 1930 ipsum
642 1873 757 1931 purgare
772 1855 830 1932 ipsis
853 1873 955 1922 coram,
983 1854 1108 1929 placabi-

412 1937 463 1994 lius
486 1953 501 1990 e
525 1975 531 1987 .
821 1965 825 1974 -

299 2015 351 2076 Mi.
362 2015 397 2073 Et
407 2015 487 2081 reete,
504 2017 529 2068 δι
540 2029 631 2067 verum
643 2009 717 2068 dicis.
739 2011 785 2074 He.
796 2010 965 2089 sequererne
974 2029 1043 2090 ergo
1055 2009 1105 2068 hac

418 2094 497 2151 intro.
519 2089 570 2146 Mi.
597 2090 736 2148 Maxume.

294 2173 298 2180 '
396 2169 608 2231 ACTUS
648 2169 716 2226 lu·
781 2171 931 2228 Setun
956 2169 1011 2228 IV.

529 2249 556 2304 A
579 2268 594 2306 u
620 2269 631 2303 s
655 2270 671 2306 c
694 2271 712 2310 rr
736 2269 746 2306 r
769 2271 786 2308 n
809 2269 830 2308 u
854 2273 875 2306 s.

379 2331 548 2386 Iscrtucrou
568 2329 661 2384 animi.
695 2332 807 2391 hoccine
829 2329 862 2388 de
877 2326 1023 2406 inproviso
1043 2325 1106 2384 mali

497 2405 565 2464 mihi
580 2407 661 2481 objici

277 2509 281 2518 ·
305 2489 454 2544 'sautum
475 2499 504 2539 ut
527 2504 617 2562 neque
627 2487 692 2563 quid
711 2507 755 2543 me
768 2486 877 2554 faciam,
899 2505 987 2564 neque
1000 2484 1065 2563 quid
1082 2485 1108 2542 a·-

420 2582 495 2642 gam,
515 2580 619 2621 certum
639 2567 702 2622 siet!

306 2643 434 2702 Membra
454 2656 528 2700 metu
542 2643 642 2700 debilia
652 2643 728 2700 sunt:
749 2646 855 2702 animus
867 2644 965 2700 timore
979 2642 1109 2720 obstipuit.

305 2723 414 2781 Pectore
424 2723 560 2780 consistere
576 2723 642 2778 nihil
656 2723 758 2780 consilii
771 2723 839 2798 quit.
860 2724 936 2782 vah!
956 2721 1096 2800 quomodo

306 2803 357 2860 Me
371 2822 404 2859 ex
422 2801 474 2860 hac
487 2803 628 2878 expediam
652 2801 729 2858 turba
741 2805 752 2860 i
784 2816 857 2862 tanta
871 2821 943 2860 nune
957 2802 1069 2880 suspicio
1082 2799 1112 2856 de

425 2901 469 2938 me
482 2881 596 2937 incidit:

310 2963 410 3040 Neque
422 2981 454 3018 ea
462 2961 615 3017 immerito:
637 2958 858 3029 Sostratacredit‚
879 2959 948 3018 mihi
958 2958 1113 3038 mepsaltri·

430 3059 474 3098 ant
487 3040 556 3096 hanc

311 3121 429 3178 Emiffe:
452 3118 553 3175 idanus
568 3117 630 3174 fecit
641 3115 770 3174 indicium
785 3118 863 3176 rnihi.
987 3177 991 3184 ,

314 3199 390 3258 Nam
406 3214 434 3256 ut
448 3200 511 3256 hinc
528 3198 596 3256 forte
606 3217 638 3253 ea
651 3198 685 3256 ad
695 3199 862 3256 obstetricem
880 3209 938 3256 erat
952 3197 1052 3258 miffa:
1072 3195 1116 3256 ubi

431 3296 492 3336 earn
506 3279 570 3346 vidi,
590 3277 664 3336 illico

314 3349 676 3432 Aceedo‚rogito,Pan1pnila
689 3355 755 3433 quid
765 3371 828 3434 agat
838 3361 848 3414 ἓ
855 3355 914 3431 jam
927 3369 1019 3434 partus
1026 3353 1115 3414 adstet?

315 3426 392 3484 Eone
403 3431 570 3490 obstetricem
580 3436 707 3498 arceiieti
721 3435 768 3496 illa
777 3437 910 3496 exclamat
921 3454 927 3491 τ
939 3435 995 3504 abi,
1003 3435 1048 3494 abi
1057 3435 1121 3512 jam,

433 3509 565 3569 Aeschine
581 3515 588 3569 i
1086 3529 1119 3568 ιο

1054 3590 1120 3650 Satis
