2458 4436
260 675 554 746 AceurIV.
635 679 847 744 SetuaV.
927 703 983 768 ¹31

153 785 266 850 Verum
275 778 546 862 aliquopaetoverba
554 794 600 838 me
613 776 790 842 sudaturam
798 781 860 854 esse,
873 785 900 844 st
912 799 977 844 ven-

278 877 381 924 turam.

152 945 198 1024 8).
218 943 295 1004 Perii
308 940 406 1000 hercle.
445 937 568 1008 Bacchis,
587 957 677 1009 mane,
697 957 800 1000 mane:
830 959 887 1020 quo
912 941 976 1004 mit·

279 1021 312 1080 tia
320 1020 446 1080 isthanc?
480 1016 601 1098 quaeso!

155 1101 241 1179 Jube,
261 1111 377 1160 maneat.
397 1098 450 1158 Ba.
471 1098 495 1159 1.
537 1096 578 1176 8).
600 1096 677 1174 Qrin
690 1095 728 1156 est
740 1109 867 1176 paratum
879 1117 975 1180 agen.

126 1179 128 1184 ’
232 1207 239 1225 1
275 1191 342 1238 tum.
384 1177 436 1236 Ba.
458 1176 535 1256 Qrin
545 1194 598 1255 ego
608 1192 715 1234 maneo.
932 1197 943 1240 ι

152 1258 196 1338 s).
215 1259 302 1338 Atqui
308 1258 369 1336 jam
382 1255 501 1316 dabitur.
540 1254 593 1314 Ba.
615 1253 748 1314 Utlubet.
786 1258 973 1337 numegnin·

271 1337 334 1398 stoi
355 1337 398 1414 Sy.
418 1335 458 1395 Ar
468 1333 533 1394 scin'
544 1331 621 1412 quid,
642 1331 736 1394 sodes?
928 1354 933 1366 '

152 1417 205 1478 Ba.
227 1416 329 1498 Qnid?
361 1417 402 1494 8).
423 1411 633 1474 Transeundum
646 1431 719 1473 nunc
732 1411 782 1472 tibi
795 1411 970 1478 adMenedt·

271 1515 349 1556 mum
362 1495 409 1564 est,
442 1500 524 1553 &tua
537 1511 639 1571 pompa

149 1574 374 1638 Eutraducenda
383 1573 428 1633 tsi.
469 1573 523 1632 Ba.
545 1572 639 1652 Qum
652 1571 797 1652 remagis?
817 1569 906 1632 scelus.
927 1571 970 1652 8).

274 1657 370 1735 Egone
386 1659 396 1714 i
417 1665 565 1732 argentum
579 1649 660 1722 cudo,
1052 1691 1055 1698 .

154 1732 243 1814 Qud
255 1734 307 1793 tibi
316 1733 387 1792 d.
429 1731 482 1791 Ba.
503 1732 628 1812 Dignam
649 1749 695 1789 me
707 1743 795 1810 putar,
814 1749 899 1811 quam
907 1730 970 1793 ilsu-

274 1811 343 1874 daei
374 1812 415 1890 8).
437 1812 504 1872 Non
517 1811 555 1870 est
566 1825 676 1869 temere.

152 1893 206 1954 Ba.
226 1892 355 1953 Etiamne
367 1905 455 1951 tecum
476 1911 518 1950 res
537 1887 731 1949 hicmihiests
770 1889 810 1966 8).
830 1888 968 1950 Minime:

272 1985 350 2032 tuum
364 1971 415 2030 tibi
425 1969 518 2030 reddo.
929 1985 968 2028 20

154 2049 210 2111 Ba.
230 2049 325 2110 Eatnr.
366 2049 407 2128 8).
428 2050 544 2128 Sequere
553 2048 681 2108 haeheus
691 2049 807 2106 Dromo.
832 2045 883 2105 Dr.
898 2046 969 2128 Quis

276 2128 410 2188 mauolt?
432 2128 471 2204 8).
493 2128 581 2204 Syrus.
617 2126 669 2186 Dr.
690 2126 813 2206 Qridest
826 2125 891 2185 rei?

153 2209 175 2266 S
192 2207 324 2269 Ancillas
330 2226 422 2266 omnes
431 2206 683 2268 Bacchidiatraduee
689 2205 742 2265 huc
752 2204 787 2263 ad
795 2224 842 2264 vos
848 2221 969 2284 propere.

183 2311 207 2348 r.
232 2285 445 2368 Qramobrem?
465 2286 505 2361 8).
526 2287 573 2346 Ne
585 2303 706 2365 quaeras:
725 2282 838 2344 efferant
848 2301 917 2364 quae
929 2282 969 2343 se·

275 2385 338 2426 eum
350 2367 404 2424 huc
415 2365 573 2424 attulerunt.

152 2446 280 2526 Sperabit
292 2445 409 2505 sumtum
418 2445 466 2504 srbi
477 2442 556 2502 senex
576 2445 697 2503 levatum
708 2444 760 2504 esse
773 2443 871 2503 harum
881 2441 966 2502 abitu.

154 2527 228 2597 Nae,
249 2526 297 2585 ille
310 2523 383 2664 {gud
394 2521 451 2595 scit,
482 2524 607 2602 paullum
616 2523 695 2594 lucri,
714 2521 966 2603 quantumeidam·

272 2605 301 2664 ni
383 2616 444 2662 rtet.
863 2627 865 2632 ·
929 2621 964 2660 a·

152 2623 967 2762 uununstu,‹fsorscn,nmm0,n[rannemundus.

282 2759 497 2824 Ac‘rUs
536 2762 590 2820 IV.
669 2759 880 2820 ScaunV.

408 2841 569 2900 cirenas.
608 2842 721 2899 Surus.

155 2921 205 2980 cb.
256 2921 306 2980 ΤΑ
317 2939 362 2980 me
377 2917 418 2978 Di
426 2919 569 2990 amabunt,
589 2933 620 2978 ut
629 2937 702 2977 nunc
712 2913 869 2974 Menedemi
879 2915 969 2974 vicem

332 2997 446 3058 Miseret
458 3017 513 3063 mer
522 3011 629 3058 tantum
635 2993 767 3054 devenisse
773 2993 809 3052 ad
818 2999 882 3072 eum
891 2991 967 3052 mali.

155 3077 451 3140 Illanceinemulierem
460 3078 532 3138 asem
541 3097 604 3137 cum
614 3076 661 3134 illa
672 3071 796 3132 familia?

153 3158 211 3216 Etsi
224 3156 288 3228 scio,
306 3157 385 3218 hosce
398 3157 505 3237 aliquot
514 3157 570 3215 dies
583 3175 639 3214 non
653 3151 747 3212 sentiet
761 3169 769 3206 ι
910 3153 912 3158 ’

152 3236 198 3297 Ita
210 3255 313 3318 magno
326 3236 456 3298 desiderio
467 3236 520 3296 suit
532 3237 558 3293 ei
572 3235 662 3293 silius:
949 3249 965 3312 ς

17 3331 24 3340 ·
151 3315 261 3376 Verum
269 3317 315 3376 ubi
323 3316 426 3377 videbit
444 3328 535 3377 tantos
544 3313 592 3374 fibi
603 3311 704 3370 sumtus
716 3305 791 3366 domi

152 3396 313 3456 cotidianos
327 3395 397 3467 sieri,
417 3415 468 3454 nec
478 3393 536 3452 fieri
547 3391 672 3459 modum,

153 3474 270 3555 Optabit
280 3473 386 3532 rursum
397 3487 428 3532 ut
437 3473 516 3532 abeat
527 3471 563 3532 ab
576 3469 602 3528 se
615 3468 692 3527 filius.

154 3553 255 3632 Syrum
264 3566 381 3632 optume
392 3571 496 3612 eccum.
536 3551 577 3626 Sy.
598 3546 677 3608 Cesso
690 3545 765 3608 hune
775 3547 896 3610 adoriri?
919 3545 971 3602 Cb.

271 3633 350 3710 Syre.
391 3631 431 3709 Sy.
452 3631 548 3690 Hem!

497 3707 525 3764 R
918 3697 970 3758 ch.
