<?xml version="1.0" encoding="UTF-8"?>
<!DOCTYPE html PUBLIC "-//W3C//DTD XHTML 1.0 Transitional//EN"
    "http://www.w3.org/TR/xhtml1/DTD/xhtml1-transitional.dtd">
<html xmlns="http://www.w3.org/1999/xhtml" xml:lang="en" lang="en">
 <head>
  <title>
</title>
<meta http-equiv="Content-Type" content="text/html;charset=utf-8" />
  <meta name='ocr-system' content='tesseract 3.04.00' />
  <meta name='ocr-capabilities' content='ocr_page ocr_carea ocr_par ocr_line ocrx_word'/>
</head>
<body>
  <div class='ocr_page' id='page_1' title='image "./publiiterentiia06teregoog/publiiterentiia06teregoog_0196.png"; bbox 0 0 2508 4450; ppageno 0'>
   <div class='ocr_carea' id='block_1_1' title="bbox 165 656 983 838">
    <p class='ocr_par' dir='ltr' id='par_1_1' title="bbox 165 656 983 838">
     <span class='ocr_line' id='line_1_1' title="bbox 169 656 983 752; baseline -0.061 0"><span class='ocrx_word' id='word_1_1' title='bbox 169 709 217 752; x_wconf 77' lang='grc'>.·</span> <span class='ocrx_word' id='word_1_2' title='bbox 294 657 536 717; x_wconf 65' lang='lat' dir='ltr'>Aer-uer.</span> <span class='ocrx_word' id='word_1_3' title='bbox 592 656 802 716; x_wconf 75' lang='lat' dir='ltr'>Scrnnll.</span> <span class='ocrx_word' id='word_1_4' title='bbox 928 677 983 752; x_wconf 72' lang='lat'>¹93</span> 
     </span>
     <span class='ocr_line' id='line_1_2' title="bbox 165 755 981 838; baseline -0.022 -13"><span class='ocrx_word' id='word_1_5' title='bbox 165 761 328 838; x_wconf 86' lang='lat' dir='ltr'><strong>Numquam</strong></span> <span class='ocrx_word' id='word_1_6' title='bbox 341 755 388 816; x_wconf 90' lang='lat' dir='ltr'>illa</span> <span class='ocrx_word' id='word_1_7' title='bbox 398 759 460 817; x_wconf 87' lang='lat' dir='ltr'>viva</span> <span class='ocrx_word' id='word_1_8' title='bbox 474 756 617 816; x_wconf 71' lang='lat' dir='ltr'>duilururn</span> <span class='ocrx_word' id='word_1_9' title='bbox 633 766 745 816; x_wconf 85' lang='lat' dir='ltr'>uxorem</span> <span class='ocrx_word' id='word_1_10' title='bbox 756 757 879 818; x_wconf 71' lang='lat' dir='ltr'>domurn</span> <span class='ocrx_word' id='word_1_11' title='bbox 963 773 981 836; x_wconf 73' lang='grc' dir='ltr'><strong>ς</strong></span> 
     </span>
    </p>
   </div>
   <div class='ocr_carea' id='block_1_2' title="bbox 102 837 978 3663">
    <p class='ocr_par' dir='ltr' id='par_1_2' title="bbox 102 837 978 3663">
     <span class='ocr_line' id='line_1_3' title="bbox 163 837 861 914; baseline -0.009 -12"><span class='ocrx_word' id='word_1_12' title='bbox 163 843 265 902; x_wconf 89' lang='lat' dir='ltr'>Heml</span> <span class='ocrx_word' id='word_1_13' title='bbox 286 839 370 897; x_wconf 87' lang='lat' dir='ltr'>duxit.</span> <span class='ocrx_word' id='word_1_14' title='bbox 412 837 450 913; x_wconf 81' lang='lat' dir='ltr'>Sy.</span> <span class='ocrx_word' id='word_1_15' title='bbox 472 837 547 914; x_wconf 87' lang='lat' dir='ltr'>Ergo</span> <span class='ocrx_word' id='word_1_16' title='bbox 568 852 711 914; x_wconf 88' lang='lat' dir='ltr'>propterea</span> <span class='ocrx_word' id='word_1_17' title='bbox 726 853 752 896; x_wconf 89' lang='lat' dir='ltr'>te</span> <span class='ocrx_word' id='word_1_18' title='bbox 770 837 861 896; x_wconf 85' lang='lat' dir='ltr'>sedulo</span> 
     </span>
     <span class='ocr_line' id='line_1_4' title="bbox 102 912 935 994; baseline 0.001 -15"><span class='ocrx_word' id='word_1_19' title='bbox 102 935 105 938; x_wconf 84' lang='grc'><em>“</em></span> <span class='ocrx_word' id='word_1_20' title='bbox 163 923 201 980; x_wconf 90' lang='lat' dir='ltr'>Et</span> <span class='ocrx_word' id='word_1_21' title='bbox 215 938 325 986; x_wconf 82' lang='lat' dir='ltr'>moneo,</span> <span class='ocrx_word' id='word_1_22' title='bbox 346 923 372 976; x_wconf 72' lang='grc' dir='ltr'>δε</span> <span class='ocrx_word' id='word_1_23' title='bbox 386 917 489 985; x_wconf 75' lang='lat' dir='ltr'>horton</span> <span class='ocrx_word' id='word_1_24' title='bbox 511 935 546 974; x_wconf 91' lang='lat' dir='ltr'>ne</span> <span class='ocrx_word' id='word_1_25' title='bbox 560 916 719 994; x_wconf 85' lang='lat' dir='ltr'>cujusquam</span> <span class='ocrx_word' id='word_1_26' title='bbox 733 912 880 976; x_wconf 82' lang='lat' dir='ltr'>misereatt</span> <span class='ocrx_word' id='word_1_27' title='bbox 932 973 935 980; x_wconf 96' lang='grc'>.</span> 
     </span>
     <span class='ocr_line' id='line_1_5' title="bbox 164 995 962 1080; baseline 0.003 -23"><span class='ocrx_word' id='word_1_28' title='bbox 164 1001 244 1080; x_wconf 77' lang='lat' dir='ltr'>Quin</span> <span class='ocrx_word' id='word_1_29' title='bbox 258 997 363 1076; x_wconf 78' lang='lat' dir='ltr'>spolies,</span> <span class='ocrx_word' id='word_1_30' title='bbox 385 995 502 1064; x_wconf 86' lang='lat' dir='ltr'>mutiles,</span> <span class='ocrx_word' id='word_1_31' title='bbox 523 996 632 1066; x_wconf 87' lang='lat' dir='ltr'>laceres,</span> <span class='ocrx_word' id='word_1_32' title='bbox 646 1015 815 1074; x_wconf 86' lang='lat' dir='ltr'>quemquam</span> <span class='ocrx_word' id='word_1_33' title='bbox 828 1000 905 1058; x_wconf 66' lang='lat' dir='ltr'>nafta</span> <span class='ocrx_word' id='word_1_34' title='bbox 919 999 962 1060; x_wconf 70' lang='lat' dir='ltr'>sn:</span> 
     </span>
     <span class='ocr_line' id='line_1_6' title="bbox 161 1071 978 1151; baseline 0.004 -14"><span class='ocrx_word' id='word_1_35' title='bbox 161 1081 212 1137; x_wconf 82' lang='lat' dir='ltr'>Ph.</span> <span class='ocrx_word' id='word_1_36' title='bbox 225 1079 303 1137; x_wconf 92' lang='lat' dir='ltr'>Utin’</span> <span class='ocrx_word' id='word_1_37' title='bbox 312 1076 441 1136; x_wconf 85' lang='lat' dir='ltr'>eximiam</span> <span class='ocrx_word' id='word_1_38' title='bbox 449 1076 587 1134; x_wconf 85' lang='lat' dir='ltr'>neminem</span> <span class='ocrx_word' id='word_1_39' title='bbox 602 1075 741 1134; x_wconf 82' lang='lat' dir='ltr'>habeam?</span> <span class='ocrx_word' id='word_1_40' title='bbox 757 1079 794 1151; x_wconf 82' lang='lat' dir='ltr'>Sy.</span> <span class='ocrx_word' id='word_1_41' title='bbox 811 1071 978 1140; x_wconf 77' lang='lat' dir='ltr'>Neminemr</span> 
     </span>
     <span class='ocr_line' id='line_1_7' title="bbox 164 1153 978 1232; baseline -0.001 -16"><span class='ocrx_word' id='word_1_42' title='bbox 164 1160 240 1218; x_wconf 87' lang='lat' dir='ltr'>Nam</span> <span class='ocrx_word' id='word_1_43' title='bbox 254 1176 334 1215; x_wconf 90' lang='lat' dir='ltr'>nemo</span> <span class='ocrx_word' id='word_1_44' title='bbox 344 1157 455 1214; x_wconf 87' lang='lat' dir='ltr'>illorum</span> <span class='ocrx_word' id='word_1_45' title='bbox 471 1153 624 1232; x_wconf 91' lang='lat' dir='ltr'>quisquam,</span> <span class='ocrx_word' id='word_1_46' title='bbox 645 1155 719 1226; x_wconf 88' lang='lat' dir='ltr'>scito,</span> <span class='ocrx_word' id='word_1_47' title='bbox 741 1155 776 1212; x_wconf 89' lang='lat' dir='ltr'>ad</span> <span class='ocrx_word' id='word_1_48' title='bbox 788 1168 814 1213; x_wconf 91' lang='lat' dir='ltr'>te</span> <span class='ocrx_word' id='word_1_49' title='bbox 827 1159 910 1229; x_wconf 84' lang='lat' dir='ltr'>venit,</span> <span class='ocrx_word' id='word_1_50' title='bbox 943 1177 978 1220; x_wconf 72' lang='lat' dir='ltr'>ro</span> 
     </span>
     <span class='ocr_line' id='line_1_8' title="bbox 164 1231 821 1316; baseline -0.005 -22"><span class='ocrx_word' id='word_1_51' title='bbox 164 1231 240 1316; x_wconf 77' lang='lat' dir='ltr'>Qrin</span> <span class='ocrx_word' id='word_1_52' title='bbox 254 1239 292 1295; x_wconf 89' lang='lat' dir='ltr'>ita</span> <span class='ocrx_word' id='word_1_53' title='bbox 310 1251 388 1313; x_wconf 85' lang='lat' dir='ltr'>paret</span> <span class='ocrx_word' id='word_1_54' title='bbox 401 1233 437 1302; x_wconf 86' lang='lat' dir='ltr'>se,</span> <span class='ocrx_word' id='word_1_55' title='bbox 459 1235 506 1292; x_wconf 89' lang='lat' dir='ltr'>abs</span> <span class='ocrx_word' id='word_1_56' title='bbox 520 1248 547 1292; x_wconf 90' lang='lat' dir='ltr'>te</span> <span class='ocrx_word' id='word_1_57' title='bbox 560 1248 590 1291; x_wconf 92' lang='lat' dir='ltr'>ut</span> <span class='ocrx_word' id='word_1_58' title='bbox 610 1234 747 1292; x_wconf 85' lang='lat' dir='ltr'>blanditiis</span> <span class='ocrx_word' id='word_1_59' title='bbox 761 1233 821 1304; x_wconf 86' lang='lat' dir='ltr'>suis,</span> 
     </span>
     <span class='ocr_line' id='line_1_9' title="bbox 163 1312 901 1396; baseline -0.001 -22"><span class='ocrx_word' id='word_1_60' title='bbox 163 1320 256 1396; x_wconf 85' lang='lat' dir='ltr'>Qram</span> <span class='ocrx_word' id='word_1_61' title='bbox 269 1316 387 1373; x_wconf 89' lang='lat' dir='ltr'>minimo</span> <span class='ocrx_word' id='word_1_62' title='bbox 429 1314 497 1372; x_wconf 87' lang='lat' dir='ltr'>retio</span> <span class='ocrx_word' id='word_1_63' title='bbox 511 1312 586 1370; x_wconf 89' lang='lat' dir='ltr'>suam</span> <span class='ocrx_word' id='word_1_64' title='bbox 605 1312 773 1390; x_wconf 85' lang='lat' dir='ltr'>voluptatem</span> <span class='ocrx_word' id='word_1_65' title='bbox 786 1314 901 1392; x_wconf 83' lang='lat' dir='ltr'>expleat.</span> 
     </span>
     <span class='ocr_line' id='line_1_10' title="bbox 161 1334 838 1465; baseline -0.006 -10"><span class='ocrx_word' id='word_1_66' title='bbox 161 1396 274 1456; x_wconf 82' lang='lat' dir='ltr'>Histine</span> <span class='ocrx_word' id='word_1_67' title='bbox 289 1409 328 1465; x_wconf 89' lang='lat' dir='ltr'>tu,</span> <span class='ocrx_word' id='word_1_68' title='bbox 350 1334 459 1463; x_wconf 74' lang='lat' dir='ltr'>amalo,</span> <span class='ocrx_word' id='word_1_69' title='bbox 482 1411 537 1450; x_wconf 92' lang='lat' dir='ltr'>non</span> <span class='ocrx_word' id='word_1_70' title='bbox 551 1405 644 1451; x_wconf 90' lang='lat' dir='ltr'>contra</span> <span class='ocrx_word' id='word_1_71' title='bbox 658 1391 838 1452; x_wconf 75' lang='lat' dir='ltr'>insidiaberei</span> 
     </span>
     <span class='ocr_line' id='line_1_11' title="bbox 159 1471 919 1551; baseline -0.001 -17"><span class='ocrx_word' id='word_1_72' title='bbox 159 1475 206 1534; x_wconf 84' lang='lat' dir='ltr'>Pb.</span> <span class='ocrx_word' id='word_1_73' title='bbox 221 1475 331 1538; x_wconf 83' lang='lat' dir='ltr'>Tamen</span> <span class='ocrx_word' id='word_1_74' title='bbox 343 1474 391 1551; x_wconf 91' lang='lat' dir='ltr'>pol</span> <span class='ocrx_word' id='word_1_75' title='bbox 401 1471 516 1532; x_wconf 89' lang='lat' dir='ltr'>eandem</span> <span class='ocrx_word' id='word_1_76' title='bbox 531 1472 663 1547; x_wconf 87' lang='lat' dir='ltr'>injurium</span> <span class='ocrx_word' id='word_1_77' title='bbox 677 1473 714 1529; x_wconf 82' lang='lat' dir='ltr'>eli</span> <span class='ocrx_word' id='word_1_78' title='bbox 724 1472 775 1532; x_wconf 82' lang='lat' dir='ltr'>elle</span> <span class='ocrx_word' id='word_1_79' title='bbox 785 1471 919 1533; x_wconf 71' lang='lat' dir='ltr'>omnihus.</span> 
     </span>
     <span class='ocr_line' id='line_1_12' title="bbox 159 1550 975 1634; baseline 0 -20"><span class='ocrx_word' id='word_1_80' title='bbox 159 1555 199 1630; x_wconf 77' lang='lat' dir='ltr'>Sy.</span> <span class='ocrx_word' id='word_1_81' title='bbox 223 1554 361 1629; x_wconf 84' lang='lat' dir='ltr'>injurium</span> <span class='ocrx_word' id='word_1_82' title='bbox 375 1568 466 1614; x_wconf 87' lang='lat' dir='ltr'>autem</span> <span class='ocrx_word' id='word_1_83' title='bbox 476 1553 513 1613; x_wconf 83' lang='lat' dir='ltr'>eii</span> <span class='ocrx_word' id='word_1_84' title='bbox 528 1551 618 1610; x_wconf 87' lang='lat' dir='ltr'>ulcisci</span> <span class='ocrx_word' id='word_1_85' title='bbox 631 1550 819 1612; x_wconf 80' lang='lat' dir='ltr'>adversarios?</span> <span class='ocrx_word' id='word_1_86' title='bbox 942 1571 953 1614; x_wconf 90' lang='lat' dir='ltr'>r</span> <span class='ocrx_word' id='word_1_87' title='bbox 960 1573 975 1634; x_wconf 77' lang='grc' dir='ltr'><strong><em>ς</em></strong></span> 
     </span>
     <span class='ocr_line' id='line_1_13' title="bbox 162 1630 823 1708; baseline -0.003 -16"><span class='ocrx_word' id='word_1_88' title='bbox 162 1634 220 1692; x_wconf 88' lang='lat' dir='ltr'>Aut</span> <span class='ocrx_word' id='word_1_89' title='bbox 233 1651 289 1708; x_wconf 89' lang='lat' dir='ltr'>qua</span> <span class='ocrx_word' id='word_1_90' title='bbox 302 1631 347 1686; x_wconf 87' lang='lat' dir='ltr'>via</span> <span class='ocrx_word' id='word_1_91' title='bbox 362 1645 389 1685; x_wconf 91' lang='lat' dir='ltr'>te</span> <span class='ocrx_word' id='word_1_92' title='bbox 401 1644 520 1704; x_wconf 82' lang='lat' dir='ltr'>captent,</span> <span class='ocrx_word' id='word_1_93' title='bbox 540 1631 636 1692; x_wconf 86' lang='lat' dir='ltr'>eadem</span> <span class='ocrx_word' id='word_1_94' title='bbox 650 1630 719 1708; x_wconf 80' lang='lat' dir='ltr'>ipsos</span> <span class='ocrx_word' id='word_1_95' title='bbox 733 1631 793 1708; x_wconf 86' lang='lat' dir='ltr'>capi</span> <span class='ocrx_word' id='word_1_96' title='bbox 812 1637 823 1690; x_wconf 76' lang='lat' dir='ltr'>l</span> 
     </span>
     <span class='ocr_line' id='line_1_14' title="bbox 159 1704 821 1770; baseline 0.003 -3"><span class='ocrx_word' id='word_1_97' title='bbox 159 1712 240 1770; x_wconf 84' lang='lat' dir='ltr'>Eheu</span> <span class='ocrx_word' id='word_1_98' title='bbox 250 1727 295 1764; x_wconf 88' lang='lat' dir='ltr'>me</span> <span class='ocrx_word' id='word_1_99' title='bbox 309 1704 453 1764; x_wconf 90' lang='lat' dir='ltr'>miseram!</span> <span class='ocrx_word' id='word_1_100' title='bbox 474 1725 522 1764; x_wconf 89' lang='lat' dir='ltr'>cur</span> <span class='ocrx_word' id='word_1_101' title='bbox 533 1725 588 1764; x_wconf 84' lang='lat' dir='ltr'>non</span> <span class='ocrx_word' id='word_1_102' title='bbox 601 1723 648 1770; x_wconf 87' lang='lat' dir='ltr'>aut</span> <span class='ocrx_word' id='word_1_103' title='bbox 662 1711 741 1766; x_wconf 86' lang='lat' dir='ltr'>istaec</span> <span class='ocrx_word' id='word_1_104' title='bbox 751 1710 821 1769; x_wconf 89' lang='lat' dir='ltr'>mihi</span> 
     </span>
     <span class='ocr_line' id='line_1_15' title="bbox 159 1783 844 1857; baseline 0.003 -13"><span class='ocrx_word' id='word_1_105' title='bbox 159 1791 254 1857; x_wconf 77' lang='lat' dir='ltr'>Aetas,</span> <span class='ocrx_word' id='word_1_106' title='bbox 276 1791 302 1844; x_wconf 69' lang='lat' dir='ltr'>tr</span> <span class='ocrx_word' id='word_1_107' title='bbox 317 1784 406 1842; x_wconf 82' lang='lat' dir='ltr'>forma</span> <span class='ocrx_word' id='word_1_108' title='bbox 420 1783 466 1850; x_wconf 79' lang='lat' dir='ltr'>eli,</span> <span class='ocrx_word' id='word_1_109' title='bbox 487 1797 535 1842; x_wconf 90' lang='lat' dir='ltr'>aut</span> <span class='ocrx_word' id='word_1_110' title='bbox 549 1784 598 1842; x_wconf 91' lang='lat' dir='ltr'>tibi</span> <span class='ocrx_word' id='word_1_111' title='bbox 613 1785 680 1844; x_wconf 85' lang='lat' dir='ltr'>haee</span> <span class='ocrx_word' id='word_1_112' title='bbox 690 1785 818 1846; x_wconf 88' lang='lat' dir='ltr'>sententia</span> <span class='ocrx_word' id='word_1_113' title='bbox 833 1795 844 1846; x_wconf 71' lang='lat' dir='ltr'>t</span> 
     </span>
     <span class='ocr_line' id='line_1_16' title="bbox 278 1861 894 1924; baseline 0.002 0"><span class='ocrx_word' id='word_1_114' title='bbox 278 1861 496 1924; x_wconf 89' lang='lat' dir='ltr'>ACTUS</span> <span class='ocrx_word' id='word_1_115' title='bbox 535 1861 559 1920; x_wconf 87' lang='lat'>1.</span> <span class='ocrx_word' id='word_1_116' title='bbox 640 1862 791 1923; x_wconf 71' lang='lat' dir='ltr'>SCBM</span> <span class='ocrx_word' id='word_1_117' title='bbox 823 1865 894 1924; x_wconf 74' lang='lat' dir='ltr'>ln·</span> 
     </span>
     <span class='ocr_line' id='line_1_17' title="bbox 319 1940 820 2001; baseline 0.002 -1"><span class='ocrx_word' id='word_1_118' title='bbox 319 1943 482 2000; x_wconf 73' lang='lat' dir='ltr'>Parmeno.</span> <span class='ocrx_word' id='word_1_119' title='bbox 522 1940 685 2001; x_wconf 80' lang='lat' dir='ltr'>Puriorrr.</span> <span class='ocrx_word' id='word_1_120' title='bbox 725 1942 820 2001; x_wconf 74' lang='lat' dir='ltr'>Suum</span> 
     </span>
     <span class='ocr_line' id='line_1_18' title="bbox 157 2020 840 2097; baseline -0.006 -13"><span class='ocrx_word' id='word_1_121' title='bbox 157 2026 210 2085; x_wconf 83' lang='lat' dir='ltr'>Pa.</span> <span class='ocrx_word' id='word_1_122' title='bbox 260 2022 346 2079; x_wconf 78' lang='lat' dir='ltr'>Enax</span> <span class='ocrx_word' id='word_1_123' title='bbox 368 2020 388 2076; x_wconf 79' lang='lat' dir='ltr'>sl</span> <span class='ocrx_word' id='word_1_124' title='bbox 401 2031 513 2097; x_wconf 83' lang='lat' dir='ltr'>quaeret</span> <span class='ocrx_word' id='word_1_125' title='bbox 526 2039 581 2089; x_wconf 79' lang='lat' dir='ltr'>me,</span> <span class='ocrx_word' id='word_1_126' title='bbox 602 2020 685 2079; x_wconf 89' lang='lat' dir='ltr'>modo</span> <span class='ocrx_word' id='word_1_127' title='bbox 696 2021 742 2078; x_wconf 84' lang='lat' dir='ltr'>isle</span> <span class='ocrx_word' id='word_1_128' title='bbox 755 2022 840 2080; x_wconf 81' lang='lat' dir='ltr'>dicito</span> 
     </span>
     <span class='ocr_line' id='line_1_19' title="bbox 170 2098 978 2178; baseline 0.006 -23"><span class='ocrx_word' id='word_1_129' title='bbox 170 2167 175 2176; x_wconf 28' lang='grc' dir='ltr'>Ι</span> <span class='ocrx_word' id='word_1_130' title='bbox 282 2099 328 2160; x_wconf 82' lang='lat' dir='ltr'>Ad</span> <span class='ocrx_word' id='word_1_131' title='bbox 340 2111 460 2176; x_wconf 89' lang='lat' dir='ltr'>portum,</span> <span class='ocrx_word' id='word_1_132' title='bbox 474 2113 662 2174; x_wconf 89' lang='lat' dir='ltr'>percontatum</span> <span class='ocrx_word' id='word_1_133' title='bbox 676 2098 822 2158; x_wconf 90' lang='lat' dir='ltr'>adventum</span> <span class='ocrx_word' id='word_1_134' title='bbox 835 2100 978 2178; x_wconf 77' lang='lat' dir='ltr'><strong>Pamphili.</strong></span> 
     </span>
     <span class='ocr_line' id='line_1_20' title="bbox 158 2177 901 2257; baseline 0 -16"><span class='ocrx_word' id='word_1_135' title='bbox 158 2182 274 2251; x_wconf 66' lang='lat' dir='ltr'>Audiri,</span> <span class='ocrx_word' id='word_1_136' title='bbox 295 2179 362 2257; x_wconf 87' lang='lat' dir='ltr'>quid</span> <span class='ocrx_word' id='word_1_137' title='bbox 375 2177 477 2247; x_wconf 88' lang='lat' dir='ltr'>dicam,</span> <span class='ocrx_word' id='word_1_138' title='bbox 500 2177 608 2238; x_wconf 84' lang='lat' dir='ltr'>Scirte?</span> <span class='ocrx_word' id='word_1_139' title='bbox 630 2178 772 2256; x_wconf 84' lang='lat' dir='ltr'>fiquaeret</span> <span class='ocrx_word' id='word_1_140' title='bbox 784 2198 838 2248; x_wconf 90' lang='lat' dir='ltr'>me,</span> <span class='ocrx_word' id='word_1_141' title='bbox 860 2180 901 2241; x_wconf 87' lang='lat' dir='ltr'>uti</span> 
     </span>
     <span class='ocr_line' id='line_1_21' title="bbox 158 2255 820 2338; baseline -0.002 -18"><span class='ocrx_word' id='word_1_142' title='bbox 158 2255 240 2320; x_wconf 84' lang='lat' dir='ltr'>Ttim</span> <span class='ocrx_word' id='word_1_143' title='bbox 253 2259 342 2318; x_wconf 87' lang='lat' dir='ltr'>dicas:</span> <span class='ocrx_word' id='word_1_144' title='bbox 363 2257 447 2315; x_wconf 85' lang='lat' dir='ltr'>finon</span> <span class='ocrx_word' id='word_1_145' title='bbox 460 2268 582 2338; x_wconf 83' lang='lat' dir='ltr'>quaeret,</span> <span class='ocrx_word' id='word_1_146' title='bbox 602 2257 691 2316; x_wconf 81' lang='lat' dir='ltr'>nullus</span> <span class='ocrx_word' id='word_1_147' title='bbox 701 2255 798 2318; x_wconf 76' lang='lat' dir='ltr'>dixeris</span> <span class='ocrx_word' id='word_1_148' title='bbox 811 2278 820 2319; x_wconf 73' lang='lat'>2</span> 
     </span>
     <span class='ocr_line' id='line_1_22' title="bbox 161 2335 975 2423; baseline -0.002 -25"><span class='ocrx_word' id='word_1_149' title='bbox 161 2341 239 2398; x_wconf 82' lang='lat' dir='ltr'>Alias</span> <span class='ocrx_word' id='word_1_150' title='bbox 253 2353 283 2397; x_wconf 91' lang='lat' dir='ltr'>ut</span> <span class='ocrx_word' id='word_1_151' title='bbox 298 2338 339 2397; x_wconf 89' lang='lat' dir='ltr'>uti</span> <span class='ocrx_word' id='word_1_152' title='bbox 355 2336 448 2416; x_wconf 91' lang='lat' dir='ltr'>pollim</span> <span class='ocrx_word' id='word_1_153' title='bbox 462 2335 540 2396; x_wconf 88' lang='lat' dir='ltr'>causa</span> <span class='ocrx_word' id='word_1_154' title='bbox 560 2337 612 2396; x_wconf 89' lang='lat' dir='ltr'>hac</span> <span class='ocrx_word' id='word_1_155' title='bbox 625 2338 740 2416; x_wconf 80' lang='lat' dir='ltr'>integra.</span> <span class='ocrx_word' id='word_1_156' title='bbox 770 2359 774 2368; x_wconf 87' lang='grc'><strong>’</strong></span> <span class='ocrx_word' id='word_1_157' title='bbox 958 2360 975 2423; x_wconf 77' lang='grc' dir='ltr'><strong><em>ς</em></strong></span> 
     </span>
     <span class='ocr_line' id='line_1_23' title="bbox 158 2416 917 2496; baseline 0.004 -18"><span class='ocrx_word' id='word_1_158' title='bbox 158 2419 211 2478; x_wconf 79' lang='lat' dir='ltr'>Sed</span> <span class='ocrx_word' id='word_1_159' title='bbox 227 2419 335 2476; x_wconf 88' lang='lat' dir='ltr'>videon’</span> <span class='ocrx_word' id='word_1_160' title='bbox 350 2437 403 2496; x_wconf 85' lang='lat' dir='ltr'>ego</span> <span class='ocrx_word' id='word_1_161' title='bbox 425 2416 596 2476; x_wconf 83' lang='lat' dir='ltr'><strong>Philotium?</strong></span> <span class='ocrx_word' id='word_1_162' title='bbox 618 2417 688 2478; x_wconf 85' lang='lat' dir='ltr'>unde</span> <span class='ocrx_word' id='word_1_163' title='bbox 702 2418 770 2478; x_wconf 88' lang='lat' dir='ltr'>haec</span> <span class='ocrx_word' id='word_1_164' title='bbox 784 2417 917 2481; x_wconf 80' lang='lat' dir='ltr'>advenit?</span> 
     </span>
     <span class='ocr_line' id='line_1_24' title="bbox 156 2497 887 2567; baseline -0.003 -9"><span class='ocrx_word' id='word_1_165' title='bbox 156 2498 282 2567; x_wconf 87' lang='lat' dir='ltr'><strong>Philotis,</strong></span> <span class='ocrx_word' id='word_1_166' title='bbox 301 2497 375 2558; x_wconf 77' lang='lat' dir='ltr'>salve</span> <span class='ocrx_word' id='word_1_167' title='bbox 387 2497 514 2554; x_wconf 87' lang='lat' dir='ltr'>multum.</span> <span class='ocrx_word' id='word_1_168' title='bbox 535 2497 584 2553; x_wconf 80' lang='lat' dir='ltr'>Pb.</span> <span class='ocrx_word' id='word_1_169' title='bbox 601 2498 628 2556; x_wconf 91' lang='grc' dir='ltr'>Ο</span> <span class='ocrx_word' id='word_1_170' title='bbox 642 2497 723 2567; x_wconf 82' lang='lat' dir='ltr'>salve,</span> <span class='ocrx_word' id='word_1_171' title='bbox 745 2498 887 2556; x_wconf 87' lang='lat' dir='ltr'>Parmeno.</span> 
     </span>
     <span class='ocr_line' id='line_1_25' title="bbox 158 2576 975 2656; baseline 0.004 -19"><span class='ocrx_word' id='word_1_172' title='bbox 158 2579 284 2654; x_wconf 53' lang='lat' dir='ltr'>susum</span> <span class='ocrx_word' id='word_1_173' title='bbox 299 2577 439 2645; x_wconf 82' lang='lat' dir='ltr'>mec&#39;allor,</span> <span class='ocrx_word' id='word_1_174' title='bbox 454 2576 596 2636; x_wconf 80' lang='lat' dir='ltr'>Parmeno.</span> <span class='ocrx_word' id='word_1_175' title='bbox 612 2578 663 2644; x_wconf 62' lang='lat' dir='ltr'>Par</span> <span class='ocrx_word' id='word_1_176' title='bbox 673 2577 746 2636; x_wconf 84' lang='lat' dir='ltr'>Etru</span> <span class='ocrx_word' id='word_1_177' title='bbox 759 2577 883 2654; x_wconf 86' lang='lat' dir='ltr'>aedepol,</span> <span class='ocrx_word' id='word_1_178' title='bbox 899 2582 975 2656; x_wconf 80' lang='lat' dir='ltr'>Syra,</span> 
     </span>
     <span class='ocr_line' id='line_1_26' title="bbox 161 2655 878 2726; baseline 0.003 -10"><span class='ocrx_word' id='word_1_179' title='bbox 161 2657 217 2716; x_wconf 91' lang='lat' dir='ltr'>Dic</span> <span class='ocrx_word' id='word_1_180' title='bbox 229 2657 308 2726; x_wconf 89' lang='lat' dir='ltr'>mihi,</span> <span class='ocrx_word' id='word_1_181' title='bbox 334 2657 456 2725; x_wconf 88' lang='lat' dir='ltr'><strong>Philotis,</strong></span> <span class='ocrx_word' id='word_1_182' title='bbox 479 2655 524 2714; x_wconf 90' lang='lat' dir='ltr'>ubi</span> <span class='ocrx_word' id='word_1_183' title='bbox 540 2670 567 2715; x_wconf 91' lang='lat' dir='ltr'>te</span> <span class='ocrx_word' id='word_1_184' title='bbox 580 2655 720 2716; x_wconf 67' lang='lat' dir='ltr'>oblectasti</span> <span class='ocrx_word' id='word_1_185' title='bbox 734 2671 790 2718; x_wconf 87' lang='lat' dir='ltr'>tam</span> <span class='ocrx_word' id='word_1_186' title='bbox 804 2657 878 2718; x_wconf 73' lang='lat' dir='ltr'>dtur</span> 
     </span>
     <span class='ocr_line' id='line_1_27' title="bbox 157 2734 975 2814; baseline 0.005 -22"><span class='ocrx_word' id='word_1_187' title='bbox 157 2735 328 2794; x_wconf 85' lang='lat' dir='ltr'>PbMininre</span> <span class='ocrx_word' id='word_1_188' title='bbox 335 2736 462 2814; x_wconf 88' lang='lat' dir='ltr'>equidem</span> <span class='ocrx_word' id='word_1_189' title='bbox 470 2734 663 2805; x_wconf 65' lang='lat' dir='ltr'>meobletlavi,</span> <span class='ocrx_word' id='word_1_190' title='bbox 676 2734 819 2813; x_wconf 81' lang='lat' dir='ltr'>quaecum</span> <span class='ocrx_word' id='word_1_191' title='bbox 828 2738 915 2796; x_wconf 84' lang='lat' dir='ltr'>milite</span> <span class='ocrx_word' id='word_1_192' title='bbox 940 2754 975 2796; x_wconf 81' lang='lat' dir='ltr'>te</span> 
     </span>
     <span class='ocr_line' id='line_1_28' title="bbox 157 2813 867 2889; baseline -0.003 -17"><span class='ocrx_word' id='word_1_193' title='bbox 157 2815 326 2873; x_wconf 86' lang='lat' dir='ltr'>Corinthum</span> <span class='ocrx_word' id='word_1_194' title='bbox 340 2816 404 2872; x_wconf 88' lang='lat' dir='ltr'>hinc</span> <span class='ocrx_word' id='word_1_195' title='bbox 418 2813 476 2872; x_wconf 87' lang='lat' dir='ltr'>sum</span> <span class='ocrx_word' id='word_1_196' title='bbox 489 2816 610 2889; x_wconf 71' lang='lat' dir='ltr'>profetia</span> <span class='ocrx_word' id='word_1_197' title='bbox 626 2815 844 2874; x_wconf 82' lang='lat' dir='ltr'>inhumanissimo</span> <span class='ocrx_word' id='word_1_198' title='bbox 860 2835 867 2870; x_wconf 86' lang='lat' dir='ltr'>r</span> 
     </span>
     <span class='ocr_line' id='line_1_29' title="bbox 155 2891 795 2970; baseline -0.008 -18"><span class='ocrx_word' id='word_1_199' title='bbox 155 2893 301 2952; x_wconf 85' lang='lat' dir='ltr'>Biennium</span> <span class='ocrx_word' id='word_1_200' title='bbox 315 2893 353 2950; x_wconf 91' lang='lat' dir='ltr'>ibi</span> <span class='ocrx_word' id='word_1_201' title='bbox 364 2906 524 2970; x_wconf 85' lang='lat' dir='ltr'>perpetuum</span> <span class='ocrx_word' id='word_1_202' title='bbox 535 2891 631 2951; x_wconf 88' lang='lat' dir='ltr'>misera</span> <span class='ocrx_word' id='word_1_203' title='bbox 642 2893 721 2952; x_wconf 91' lang='lat' dir='ltr'>illum</span> <span class='ocrx_word' id='word_1_204' title='bbox 737 2893 795 2953; x_wconf 89' lang='lat' dir='ltr'>tuli.</span> 
     </span>
     <span class='ocr_line' id='line_1_30' title="bbox 154 2963 894 3048; baseline -0.001 -19"><span class='ocrx_word' id='word_1_205' title='bbox 154 2972 210 3029; x_wconf 88' lang='lat' dir='ltr'>Pa.</span> <span class='ocrx_word' id='word_1_206' title='bbox 232 2963 355 3048; x_wconf 72' lang='lat' dir='ltr'>Aidepol</span> <span class='ocrx_word' id='word_1_207' title='bbox 369 2985 395 3029; x_wconf 89' lang='lat' dir='ltr'>te</span> <span class='ocrx_word' id='word_1_208' title='bbox 409 2969 568 3031; x_wconf 82' lang='lat' dir='ltr'>desiderium</span> <span class='ocrx_word' id='word_1_209' title='bbox 583 2972 755 3030; x_wconf 85' lang='lat' dir='ltr'>Athenarum</span> <span class='ocrx_word' id='word_1_210' title='bbox 765 2969 894 3040; x_wconf 78' lang='lat' dir='ltr'>arbitror,</span> 
     </span>
     <span class='ocr_line' id='line_1_31' title="bbox 154 3047 715 3126; baseline -0.004 -18"><span class='ocrx_word' id='word_1_211' title='bbox 154 3047 315 3119; x_wconf 89' lang='lat' dir='ltr'>Philotium,</span> <span class='ocrx_word' id='word_1_212' title='bbox 334 3047 430 3126; x_wconf 78' lang='lat' dir='ltr'>cepisse</span> <span class='ocrx_word' id='word_1_213' title='bbox 441 3049 535 3125; x_wconf 85' lang='lat' dir='ltr'>saepe:</span> <span class='ocrx_word' id='word_1_214' title='bbox 557 3054 583 3106; x_wconf 70' lang='grc' dir='ltr'>,δι</span> <span class='ocrx_word' id='word_1_215' title='bbox 597 3063 623 3105; x_wconf 91' lang='lat' dir='ltr'>te</span> <span class='ocrx_word' id='word_1_216' title='bbox 637 3063 715 3108; x_wconf 87' lang='lat' dir='ltr'>tuum</span> 
     </span>
     <span class='ocr_line' id='line_1_32' title="bbox 132 3125 968 3208; baseline -0.002 -20"><span class='ocrx_word' id='word_1_217' title='bbox 132 3125 308 3188; x_wconf 75' lang='lat' dir='ltr'>‘Consilium</span> <span class='ocrx_word' id='word_1_218' title='bbox 322 3127 494 3188; x_wconf 87' lang='lat' dir='ltr'>contemsrlle.</span> <span class='ocrx_word' id='word_1_219' title='bbox 516 3127 566 3184; x_wconf 87' lang='lat' dir='ltr'>Pb.</span> <span class='ocrx_word' id='word_1_220' title='bbox 584 3127 650 3184; x_wconf 91' lang='lat' dir='ltr'>Non</span> <span class='ocrx_word' id='word_1_221' title='bbox 662 3127 717 3188; x_wconf 89' lang='lat' dir='ltr'>dici</span> <span class='ocrx_word' id='word_1_222' title='bbox 739 3125 832 3202; x_wconf 87' lang='lat' dir='ltr'>potest,</span> <span class='ocrx_word' id='word_1_223' title='bbox 936 3147 968 3208; x_wconf 74' lang='grc' dir='ltr'>ις</span> 
     </span>
     <span class='ocr_line' id='line_1_33' title="bbox 156 3203 949 3287; baseline 0.005 -23"><span class='ocrx_word' id='word_1_224' title='bbox 156 3211 254 3287; x_wconf 78' lang='lat' dir='ltr'>Quam</span> <span class='ocrx_word' id='word_1_225' title='bbox 268 3206 366 3284; x_wconf 89' lang='lat' dir='ltr'>cupida</span> <span class='ocrx_word' id='word_1_226' title='bbox 379 3225 454 3264; x_wconf 88' lang='lat' dir='ltr'>eram</span> <span class='ocrx_word' id='word_1_227' title='bbox 467 3207 521 3268; x_wconf 82' lang='lat' dir='ltr'>huc</span> <span class='ocrx_word' id='word_1_228' title='bbox 537 3203 676 3275; x_wconf 83' lang='lat' dir='ltr'>redeundi,</span> <span class='ocrx_word' id='word_1_229' title='bbox 696 3203 815 3263; x_wconf 78' lang='lat' dir='ltr'>abeundi</span> <span class='ocrx_word' id='word_1_230' title='bbox 825 3224 841 3264; x_wconf 88' lang='lat' dir='ltr'>a</span> <span class='ocrx_word' id='word_1_231' title='bbox 853 3205 949 3278; x_wconf 84' lang='lat' dir='ltr'>milite,</span> 
     </span>
     <span class='ocr_line' id='line_1_34' title="bbox 154 3283 853 3363; baseline 0 -17"><span class='ocrx_word' id='word_1_232' title='bbox 154 3284 270 3363; x_wconf 85' lang='lat' dir='ltr'>Vosque</span> <span class='ocrx_word' id='word_1_233' title='bbox 288 3285 334 3343; x_wconf 78' lang='lat' dir='ltr'>hic&#39;</span> <span class='ocrx_word' id='word_1_234' title='bbox 349 3285 469 3354; x_wconf 79' lang='lat' dir='ltr'>videndi,</span> <span class='ocrx_word' id='word_1_235' title='bbox 490 3285 602 3362; x_wconf 87' lang='lat' dir='ltr'>antiqua</span> <span class='ocrx_word' id='word_1_236' title='bbox 617 3297 646 3346; x_wconf 88' lang='lat' dir='ltr'>ut</span> <span class='ocrx_word' id='word_1_237' title='bbox 659 3283 853 3348; x_wconf 87' lang='lat' dir='ltr'>consuetudine</span> 
     </span>
     <span class='ocr_line' id='line_1_35' title="bbox 155 3363 714 3443; baseline -0.004 -21"><span class='ocrx_word' id='word_1_238' title='bbox 155 3365 301 3443; x_wconf 83' lang='lat' dir='ltr'>Agitarem</span> <span class='ocrx_word' id='word_1_239' title='bbox 315 3365 399 3424; x_wconf 87' lang='lat' dir='ltr'>libere</span> <span class='ocrx_word' id='word_1_240' title='bbox 409 3364 480 3422; x_wconf 87' lang='lat' dir='ltr'>inter</span> <span class='ocrx_word' id='word_1_241' title='bbox 490 3383 536 3421; x_wconf 87' lang='lat' dir='ltr'>vos</span> <span class='ocrx_word' id='word_1_242' title='bbox 549 3363 714 3424; x_wconf 88' lang='lat' dir='ltr'>convivium.</span> 
     </span>
     <span class='ocr_line' id='line_1_36' title="bbox 156 3442 830 3524; baseline -0.003 -20"><span class='ocrx_word' id='word_1_243' title='bbox 156 3445 234 3504; x_wconf 89' lang='lat' dir='ltr'>Nam</span> <span class='ocrx_word' id='word_1_244' title='bbox 247 3444 305 3502; x_wconf 90' lang='lat' dir='ltr'>illic</span> <span class='ocrx_word' id='word_1_245' title='bbox 318 3443 393 3503; x_wconf 90' lang='lat' dir='ltr'>haud</span> <span class='ocrx_word' id='word_1_246' title='bbox 407 3443 515 3512; x_wconf 83' lang='lat' dir='ltr'>licebat,</span> <span class='ocrx_word' id='word_1_247' title='bbox 535 3442 583 3501; x_wconf 87' lang='lat' dir='ltr'>nisr</span> <span class='ocrx_word' id='word_1_248' title='bbox 593 3443 735 3519; x_wconf 87' lang='lat' dir='ltr'>praefinito</span> <span class='ocrx_word' id='word_1_249' title='bbox 745 3443 830 3524; x_wconf 83' lang='lat' dir='ltr'>loqui,</span> 
     </span>
     <span class='ocr_line' id='line_1_37' title="bbox 159 3521 971 3660; baseline -0.005 -74"><span class='ocrx_word' id='word_1_250' title='bbox 159 3525 240 3606; x_wconf 70' lang='lat' dir='ltr'>Quae</span> <span class='ocrx_word' id='word_1_251' title='bbox 256 3523 296 3586; x_wconf 89' lang='lat' dir='ltr'>illi</span> <span class='ocrx_word' id='word_1_252' title='bbox 307 3523 453 3604; x_wconf 79' lang='lat' dir='ltr'>placerent·</span> <span class='ocrx_word' id='word_1_253' title='bbox 474 3523 525 3583; x_wconf 83' lang='lat' dir='ltr'>Pa.</span> <span class='ocrx_word' id='word_1_254' title='bbox 539 3521 626 3582; x_wconf 90' lang='lat' dir='ltr'>Haud</span> <span class='ocrx_word' id='word_1_255' title='bbox 639 3524 746 3604; x_wconf 87' lang='lat' dir='ltr'>opinor,</span> <span class='ocrx_word' id='word_1_256' title='bbox 765 3523 910 3660; x_wconf 46' lang='lat' dir='ltr'>commupe</span> <span class='ocrx_word' id='word_1_257' title='bbox 931 3542 971 3585; x_wconf 82' lang='lat' dir='ltr'>ao</span> 
     </span>
     <span class='ocr_line' id='line_1_38' title="bbox 897 3619 970 3663; baseline 0.014 -1"><span class='ocrx_word' id='word_1_258' title='bbox 897 3619 970 3663; x_wconf 55' lang='lat' dir='ltr'>melli</span> 
     </span>
    </p>
   </div>
   <div class='ocr_carea' id='block_1_3' title="bbox 0 0 1258 4450">
    <p class='ocr_par' dir='ltr' id='par_1_3' title="bbox 0 0 1258 4450">
     <span class='ocr_line' id='line_1_39' title="bbox 0 0 1258 4450; baseline 0 5"><span class='ocrx_word' id='word_1_259' title='bbox 0 0 1258 4450; x_wconf 95' lang='lat' dir='ltr'> </span> 
     </span>
    </p>
   </div>
  </div>
 </body>
</html>
