2458 4436
282 534 338 621 m
491 529 907 604 Anniani

283 634 338 703 Fae
350 659 534 704 mercarentur
540 645 651 723 pulchre
663 647 670 704 i
692 647 738 703 De.
757 645 794 704 Di
806 645 918 704 vostram
933 634 1029 706 iidemi

279 725 384 784 Utrum
395 725 518 783 studione
531 725 618 785 idsrbi
629 725 719 794 habet,
733 745 768 782 an
778 726 850 784 laudi
863 738 939 802 putat

282 804 363 874 Fore,
383 803 402 862 fi
415 805 562 883 perdiderit
576 820 687 882 gnatum
701 808 712 862 r
733 824 783 862 voe
797 804 893 862 misero
906 805 990 862 mihi!

1207 175 1208 188 r

1207 203 1208 216 r

1207 233 1208 240 r

1108 558 1113 573 Ι
1120 555 1123 568 i

282 883 384 942 Videre
396 883 490 942 videor
496 885 555 960 iarn
565 885 636 940 diem
650 883 737 949 ilium,
759 903 845 958 quum
859 883 922 940 hinc
935 903 1017 964 egens
1051 895 1086 962 36
1207 903 1208 912 ¹

285 963 429 1042 Profugiet
440 963 694 1040 aliquomilitatum.
716 963 756 1036 Sy.
771 961 799 1017 0
813 961 939 1020 Demea!

284 1042 355 1102 Istuc
367 1044 403 1100 eli
413 1041 510 1117 sapere,
531 1059 594 1108 non,
607 1038 681 1116 quod
695 1040 850 1116 antepedes
870 1041 955 1098 modo
968 1043 998 1099 ’st

287 1122 399 1190 Videre,
422 1119 557 1178 sedetiam
570 1118 627 1188 illa,
647 1137 717 1196 quae
731 1118 821 1178 futura
832 1118 900 1189 sunt,

287 1199 447 1276 Prospicere.
468 1198 516 1254 De.
528 1197 622 1274 Qidt
634 1199 711 1257 istaec
717 1193 777 1274 jam
790 1218 868 1276 penes
878 1197 1094 1276 vospsattria'st!

287 1279 326 1357 sy.
337 1277 426 1336 Ellam
437 1277 514 1335 intus.
536 1277 585 1334 De.
606 1277 676 1348 Eho,
689 1297 726 1336 an
739 1278 813 1336 dorni
825 1279 862 1336 est
872 1277 1011 1336 habiturus
1024 1285 1034 1339 i
1057 1281 1096 1356 sy.

406 1357 506 1425 Credo,
526 1370 557 1413 ut
574 1356 610 1412 est
1062 1378 1076 1436 3
1082 1378 1095 1438 5

283 1437 446 1496 Dementia.
467 1436 515 1493 De.
532 1435 669 1494 Haeccine
679 1435 755 1492 fieri!
775 1435 816 1510 Sy.
831 1436 926 1512 inepta
944 1435 1040 1494 lenitas

290 1517 384 1584 Patris,
405 1521 431 1574 &
445 1516 557 1572 facilitas
567 1533 657 1590 prava.
679 1513 727 1570 De.
741 1513 840 1570 Fratris
854 1533 899 1572 me
909 1513 1021 1590 quidem

290 1594 384 1662 Pudet,
398 1595 532 1671 pigetque.
553 1594 592 1666 Sy·
610 1592 738 1649 Nimium
748 1593 818 1650 inter
828 1613 884 1662 vos,
898 1593 1014 1662 Demea,
1029 1613 1064 1652 ac

290 1674 367 1741 Non,
375 1673 440 1748 quia
449 1671 510 1730 ades
520 1669 650 1748 praesens,
661 1671 723 1728 dico
735 1671 797 1740 hoc,
811 1673 975 1748 pernimium
987 1673 1103 1731 interest.
1207 1665 1208 1678 ¹

293 1825 355 1899 Iile,

385 1831 517 1888 omniurn.
537 1827 633 1886 fineres
646 1849 711 1886 vero
722 1844 751 1886 tu
764 1829 840 1886 illurn
850 1843 926 1886 tuum

290 1753 349 1821 Tu,
369 1763 624 1888 ponaturquantus,
644 1750 711 1806 nihil
723 1750 771 1808 nisa
785 1751 913 1828 sapientia
928 1771 972 1808 es:
1065 1771 1104 1830 4⁰
1207 1743 1208 1828 i

216 1977 224 1999 ,
297 1911 397 1972 Facere
405 1910 494 1968 haec?
530 1909 578 1966 De.
593 1909 714 1966 Sinerem
731 1908 825 1967 illumi
855 1929 891 1967 an
904 1929 959 1966 non
977 1907 1023 1966 sex
1043 1909 1106 1968 totio
1207 1925 1208 1998 ζ

210 2082 212 2091 ’
299 2069 375 2128 Prius
387 1988 545 2138 oliiiiiiebnii
562 2017 646 2145 quam
657 2067 704 2125 ille
717 2065 866 2147 quidquam
880 2067 1019 2146 coeperit?

298 2152 339 2225 Sy.
352 2148 532 2226 Vigilantiam
546 2161 621 2206 tuam
633 2161 662 2204 tu
671 2147 739 2205 mihi
753 2152 861 2214 narras?
884 2147 931 2204 De.
947 2148 990 2205 Sic
1001 2149 1049 2206 fiet

298 2227 398 2296 Modo,
419 2240 448 2283 ut
462 2247 531 2285 runc
541 2228 586 2294 est,
608 2227 714 2304 quaeso.
735 2227 775 2302 Sy.
788 2227 829 2284 Ut
838 2225 951 2304 quisque
964 2226 1041 2285 suum
1049 2226 1101 2285 voit
1207 2197 1208 2252 i

413 2306 475 2374 eise,
496 2307 533 2362 ita
547 2305 586 2362 'st.

300 2385 352 2444 De.
364 2369 438 2460 Quid
447 2389 533 2442 eum?
554 2381 668 2442 vidistin’
681 2381 781 2441 hodie?
803 2383 843 2458 Sy.
858 2384 989 2442 Tuumne
998 2324 1100 2444 filiunii

300 2461 1101 2542 Abigamhuncrusjamdudumaliquidruriagerearbitror.
1207 2459 1208 2526 J

300 2541 350 2599 De.
365 2541 449 2598 Satin‘
461 2541 507 2598 scis
521 2541 558 2598 ibi
569 2540 638 2599 esse?
660 2541 700 2618 Sy.
715 2542 780 2599 ΟΜ
801 2543 849 2618 qui
862 2558 971 2620 egomet
981 2544 1100 2620 produxi.
1207 2563 1208 2634 t

419 2618 468 2676 De.
482 2621 604 2695 Optume
618 2619 656 2677 ’tt

299 2699 400 2769 Metui,
424 2717 458 2766 ne
471 2698 593 2758 haereret
605 2698 658 2756 hic.
679 2697 720 2774 Sy.
734 2697 825 2776 Atque
838 2700 937 2762 iratum
950 2702 1102 2762 admodum·
1207 2729 1208 2768 ι

301 2777 426 2856 DnQrid
434 2777 800 2856 autemtsyadortuejurgio
809 2778 919 2840 fratrem
927 2784 999 2860 apud
1007 2783 1103 2850 forum,
1207 2781 1208 2850 i

303 2857 539 2938 Depsaltriaistac.
551 2855 599 2914 De.
612 2857 678 2914 Ain*
689 2877 753 2918 vero
766 2857 827 2927 tsi.
839 2860 914 2920 Vah!
922 2861 1105 2922 nihilretic'uit.
1207 2865 1208 2930 i

303 2939 389 3010 Nam,
401 2953 430 2996 ut
443 2938 632 2996 numerabatur
645 2937 713 2995 iorte
721 2953 872 3016 argentum,
885 2940 1029 3000 intervenit
1069 2959 1102 3020 52
1207 2937 1208 2954 ¹

302 3020 400 3078 Homo
410 3017 443 3074 de
456 3015 616 3094 improviso:
637 3018 725 3094 coepit
737 3021 863 3088 ciamare,
883 3039 901 3076 o
912 3017 1064 3079 Aesohinei

209 3163 213 3176 ι
302 3099 442 3157 Haeccine
455 3097 558 3178 flagitia
569 3096 657 3156 facere
671 3112 697 3154 te
708 3099 715 3157 i
746 3097 813 3156 haec
826 3112 852 3156 te
865 3097 1009 3158 admittere
1037 3123 1041 3132 “

301 3175 418 3254 Indigna
431 3196 529 3254 genere
537 3177 642 3234 nostro!
664 3178 714 3235 De.
729 3177 792 3235 Oh!
812 3177 933 3238 lacrumo
947 3178 1055 3258 gaudio.
1068 3198 1083 3257 ς
1087 3193 1101 3258 5

302 3253 343 3326 Sy.
360 3257 388 3312 N
390 3275 425 3312 on
440 3270 468 3312 tu
482 3256 535 3314 hoc
548 3271 688 3334 argentum
701 3257 799 3334 perdis,
813 3257 856 3315 sed
868 3260 953 3320 vitam
964 3274 1049 3317 tuam.

302 3328 492 3402 De.Salvossrt,
504 3335 592 3412 spero:
603 3337 640 3394 est
650 3332 974 3412 fimilismajorumsuirm.
986 3335 1105 3419 spitui!

305 3405 353 3464 De.
366 3410 442 3486 Syre,
456 3429 661 3496 praeceptorum
672 3415 764 3494 plenus
777 3416 959 3478 istorumille..
976 3413 1104 3555 Sy.1})’hyi

439 3526 443 3534 ·
1051 3509 1106 3553 olm
