2508 4450
264 581 827 668 Aer-usv.‘''sczri11.
924 627 975 666 221

167 701 217 761 Ph.
239 701 311 771 Nec,
331 701 387 778 pol,
408 697 470 758 istae
480 715 603 760 metuunt
618 701 693 759 Deos
709 721 716 757 :
737 719 824 782 neque
839 698 888 758 hat
901 701 981 780 respi-

286 800 345 839 cere
364 780 437 838 Deos
447 780 550 858 opinor.

167 861 220 917 Ba.
232 860 350 919 Ancillas
358 853 443 916 dedo?
475 859 588 920 uolubet
597 861 718 920 cruciatu
727 879 774 946 per
785 857 829 917 me
839 859 958 938 exquire.

168 939 249 998 Haec
261 959 300 998 res
306 940 350 997 hic
360 879 660 1026 agiturl'amphilome
669 939 758 1000 facere
768 939 893 997 utredeat
901 959 978 1016 uxor,

167 1019 292 1094 Oportet.
312 1017 385 1096 quod
404 1016 552 1094 fiperficio,
573 1038 628 1077 nou
641 1019 762 1096 poenitet
773 1039 817 1078 me
832 1018 930 1088 famae,

165 1097 258 1155 Solam
269 1098 354 1166 fecisse
370 1096 406 1164 ld,
418 1097 490 1180 quod
505 1099 574 1156 aliae
585 1099 737 1161 meretrices
751 1097 839 1160 facere
851 1099 977 1175 fugitant.

162 1176 462 1255 La.Pl1idippe‚nostras
473 1177 598 1240 mulieres
607 1177 734 1256 suspedlas
744 1178 819 1250 spille
830 1174 897 1235 salso
942 1197 951 1234 1
962 1196 972 1235 r

164 1255 195 1313 N
196 1255 291 1326 obis‚in
298 1277 326 1314 re
334 1256 389 1334 ipsa
396 1256 638 1334 invenimusporro
649 1257 793 1315 hancnunc
800 1257 978 1336 experiamur,

164 1331 240 1393 Nam
253 1336 276 1392 st¹
286 1335 448 1413 compererit
457 1335 563 1392 crimini
576 1349 620 1393 tua
628 1333 653 1392 se
665 1333 730 1393 falso
739 1355 806 1393 uxor
816 1337 961 1405 credidisse,

104 1473 110 1483 ,
163 1412 273 1482 Missam
297 1415 365 1480 itam
381 1413 470 1474 saciet.
490 1413 528 1472 sm
542 1428 633 1480 autem
647 1415 684 1478 est
703 1415 740 1472 ob
752 1434 814 1474 eam
825 1435 883 1473 rem
894 1415 975 1482 iratus

320 1509 388 1564 atus,
409 1529 414 1540 ·

164 1572 247 1653 Qrod
261 1514 364 1650 pegpilerit
377 1593 444 1632 uxor
454 1573 546 1638 clam3
565 1569 594 1632 id
604 1571 663 1632 leve
674 1571 730 1631 est:
750 1573 804 1632 cito
813 1573 848 1632 ab
861 1593 895 1632 eo
905 1571 973 1632 haec

282 1652 321 1710 ira
336 1652 465 1709 abscedet.
620 1685 622 1690 ·
938 1673 948 1713 ι
956 1673 971 1736 ς

162 1728 287 1787 Profel'to
302 1730 330 1786 in
340 1729 434 1786 hoc're
448 1728 516 1786 nihil
527 1728 592 1785 mali
603 1729 648 1797 est,
661 1731 734 1807 quod
745 1731 776 1789 srt
785 1731 896 1798 discidio
911 1731 971 1812 dig-

282 1827 357 1866 num.

163 1887 210 1944 Ph.
225 1885 317 1954 Velim
327 1885 436 1964 quidem
449 1883 545 1945 hercle.
567 1883 615 1943 La.
630 1885 766 1963 Exquire:
787 1885 877 1948 adest:
895 1887 971 1964 quod

281 1966 395 2035 satisfit,
416 1966 497 2026 faciet
505 1964 569 2042 ipsa.

163 2045 211 2103 Ph.
234 2044 309 2124 erd
323 2045 390 2103 mihi
406 2045 485 2102 istaec
504 2048 620 2103 narras?
641 2061 686 2112 an,
706 2043 770 2122 quia
784 2061 838 2102 non
852 2056 907 2104 tute
918 2041 972 2122 ipu

280 2123 382 2182 dudum
393 2124 495 2192 audistj,
972 2172 974 2180 ,

165 2203 211 2262 De
220 2203 271 2261 hac
281 2222 310 2260 re
322 2203 427 2260 animus
437 2223 512 2260 meus
522 2199 601 2270 uelit,
613 2200 716 2260 laches
728 2205 738 2266 ἒ
759 2199 811 2266 illis
824 2200 900 2288 exple
913 2197 985 2261 moi.

282 2282 318 2340 do
333 2282 464 2346 animum.

167 2363 216 2425 La.
239 2361 345 2440 Queso
360 2359 481 2440 aedepol,
502 2360 622 2429 Bacchis,
643 2359 711 2424 mihi
724 2359 798 2440 quod
809 2380 835 2418 es
848 2349 971 2446 pollicita
1080 2374 1088 2382 ·

282 2457 347 2510 tute,
369 2457 399 2498 ut
412 2441 504 2498 serves.
934 2457 972 2504 ze

163 2521 215 2579 Ba.
227 2519 273 2578 Ob
282 2541 341 2577 eam
351 2531 410 2577 'rem
420 2521 459 2579 vis
467 2539 532 2598 ergo
543 2520 614 2577 intro
623 2538 683 2576 eam
697 2523 707 2578 l
729 2519 778 2578 La.
792 2520 816 2590 I,
831 2534 911 2600 atque
924 2540 969 2579 ex·

277 2601 320 2682 ple
334 2601 457 2658 animum
471 2601 512 2670 iis,
535 2615 563 2656 ut
575 2599 696 2656 credunt.

162 2679 213 2738 Ba.
234 2680 293 2739 Eo:
326 2679 373 2746 etfi
388 2679 453 2748 scio,
473 2679 529 2758 pol,
564 2679 595 2738 iis
611 2679 670 2737 fore
694 2698 785 2743 meum
799 2676 969 2768 conspeclum

282 2758 394 2818 invisum
407 2759 487 2827 hodie
502 2779 509 2814 :

163 2837 239 2903 Nam
252 2853 333 2912 nupta
342 2838 476 2895 meretrici
486 2835 565 2892 hostis
575 2835 620 2904 est,
631 2833 766 2891 avltoubl
775 2833 911 2914 segregata
924 2838 969 2896 est.

162 2916 212 2980 La.
229 2915 267 2970 At
278 2921 328 2970 ime
339 2916 441 2972 amicae
454 2930 542 2984 erunt,
562 2915 618 2985 ubi,
633 2915 810 2990 quamobrem
820 2915 969 2986 adveneris,

286 2989 429 3049 resciscent.

164 3069 215 3138 Ph.
231 3071 269 3134 At
283 3072 387 3139 easdem
397 3070 558 3137 amicasfore
567 3069 616 3127 tibi
628 3070 768 3158 promitto,
779 3089 837 3127 rem
848 3071 894 3130 ubi
905 3091 969 3160 cog-

284 3151 415 3207 noverint.
932 3172 969 3234 ις

165 3229 241 3292 Nam
255 3227 312 3285 illas
326 3249 423 3297 errore,
446 3234 470 3298 ὃς
484 3243 510 3284 te
520 3226 595 3292 simul
606 3223 751 3302 suspicione
767 3228 891 3292 exsolves.

163 3310 213 3372 Ba.
223 3309 309 3366 Perii!
324 3307 406 3384 pudet
419 3307 601 3367 Philumenae.
623 3305 767 3386 sequimini.
774 3327 818 3375 me
832 3309 884 3374 huc
896 3310 967 3373 lntre

283 3388 388 3452 ambae.

165 3467 214 3552 Lag.
230 3465 307 3552 Qrid
317 3465 363 3534 est,
375 3464 456 3544 ‘quod
467 3464 534 3526 mihi
552 3463 656 3534 malim,
677 3485 758 3547 quam
769 3465 841 3544 quod
852 3467 915 3534 huic
929 3469 961 3536 in·
991 3457 994 3462 ¹

280 3545 513 3639 telligoevenitrt
653 3545 713 3616 lit
753 3565 770 3617 o
928 3542 960 3622 {l
