2480 4438
243 555 503 620 AcrueI..
571 555 813 616 *Scaurus
904 571 940 634 55

127 663 186 746 Ego
199 681 266 723 cum
277 659 337 729 illo,
347 673 405 735 quo
418 673 480 716 cun
489 665 547 714 tum
558 673 613 716 uno
623 655 820 720 remhabebam
830 655 943 734 hospite,

128 743 196 804 Abii
218 743 275 801 huc
286 759 301 804 :¹
328 737 378 816 qui
396 734 465 795 mihi
484 735 599 812 reliquit
607 734 686 807 haec,
707 754 778 814 quae
794 735 892 806 habeo,
903 747 942 799 ,οι

253 817 340 878 mnia.
924 830 944 874 ο

121 903 180 963 ¹-Pa,
202 900 364 975 Utrumque
377 895 430 954 hoc
443 891 540 952 falsum
549 892 606 952 est:
625 893 725 954 effluet.
766 891 813 953 Tb»
834 838 944 976 Qddb

255 979 329 1039 huc?
367 975 416 1032 Pa.
441 973 517 1052 Quia
579 985 581 993 ⁴
936 1021 938 1029 ,

133 1063 241 1138 Neque
251 1071 406 1122 tuunueras
421 1061 560 1121 conum,
579 1070 668 1130 neque
681 1049 750 1111 solua
759 1051 850 1112 dedita
874 1076 877 1086 ·
899 1105 902 1113 .
937 1072 940 1080 ·

133 1141 215 1200 Nam
227 1137 391 1274 hr'cssfiuoque
401 1131 506 1194 bonam
517 1150 700 1210 magnamque
709 1146 814 1210 paruam
827 1133 863 1193 ad
872 1149 900 1194 te
907 1148 948 1195 at-

254 1229 283 1274 tu
305 1229 339 1273 t.·
590 1259 612 1270 ..
679 1259 683 1270 .
935 1221 939 1248 ¹

139 1297 185 1358 ab.
205 1298 249 1356 Ita
263 1295 316 1353 ’stt
338 1291 446 1353 sedsme
459 1291 661 1370 mepervenir'e,
681 1291 818 1368 quovolo.
903 1319 906 1326 Δ
941 1333 944 1344 ,

133 1381 240 1440 Interea
249 1373 337 1444 miles,
356 1373 406 1451 qui
423 1391 470 1434 me
495 1389 588 1430 amare
606 1385 756 1448 occeperat,
836 1399 840 1408 ·
883 1377 947 1454 ·4'5

136 1459 169 1518 In
181 1456 298 1515 Cariam
312 1454 349 1512 est
362 1451 506 1530 profectus.
546 1464 573 1508 te
587 1450 691 1508 interea
703 1450 757 1509 luci

139 1535 273 1616 Cognovi.
292 1547 350 1592 tute
363 1531 421 1603 scis,
441 1527 561 1610 postilla
577 1547 663 1608 quam
675 1530 814 1590 intumum

140 1615 268 1675 Habeam
277 1627 319 1671 te:
361 1618 387 1672 δι
397 1631 460 1670 mea
473 1608 584 1670 consalia
595 1621 625 1667 ut
634 1607 685 1667 tibi
692 1609 801 1668 credam
809 1610 911 1670 omnia.

141 1695 191 1754 Pb.
211 1695 259 1754 Ne
272 1693 325 1752 hoc
336 1689 449 1770 quidem
462 1688 565 1750 tacebit
577 1688 728 1748 Parmenoe
759 1687 807 1747 Pa.
828 1689 884 1763 Oh,
901 1690 951 1752 du-

223 1769 484 1830 'biumneidestr
551 1823 554 1831 .
631 1819 635 1832 .
899 1820 918 1832 ..

143 1853 189 1912 ab.
200 1849 267 1912 Hoc
277 1851 365 1930 ¹agite,
378 1850 488 1910 amabo.
508 1847 603 1907 Mater
611 1864 673 1908 mea
686 1846 741 1914 illic
753 1861 860 1909 mortua
873 1850 904 1908 'st
918 1872 932 1932 5

86 1975 87 1980 η
145 1931 251 2008 Nuper.
270 1931 327 2006 ejus
337 1930 418 1988 fiater
437 1930 609 2008 aliquantum
621 1926 657 1986 ad
667 1946 730 1987 rem.
738 1928 902 1990 estavidior.
936 1933 945 1942 “’

145 2010 173 2071 Ia
183 2009 230 2068 ubi
243 2008 313 2068 hanc
326 2009 414 2068 forma
425 2008 499 2068 videt
510 2007 621 2067 honesta
633 2007 777 2086 virginem,
797 2033 800 2042 ·
875 2035 877 2042 ·

146 2086 371 2158 Etfidibusseire,
389 2086 625 2166 pretiumsperans,
645 2087 710 2147 ilico
746 2138 748 2148 Α

149 2167 291 2237 Producit,
311 2165 412 2224 vendit.
432 2166 500 2226 sorte
508 2167 617 2226 fortuna
626 2165 714 2225 adfuit

148 2249 295 2307 Hiemem
307 2246 425 2304 amicus:
445 2246 512 2304 emit
523 2245 668 2306 eamdouo
681 2245 761 2316 mihi,
779 2283 780 2292 κ
918 2273 955 2334 55

147 2325 309 2406 Imprudens
322 2325 420 2384 harum
433 2344 533 2397 rerum,
553 2324 715 2406 ignarusque
727 2327 860 2388 omnium.

148 2406 273 2466 laverit.
293 2404 437 2483 postquam
446 2403 577 2480 sensuume
587 2417 794 2485 tecumquoque

150 2486 220 2548 Rem
231 2485 342 2556 habere,
362 2484 442 2564 fingit
454 2481 554 2556 causas,
574 2503 609 2544 ne
619 2485 676 2556 det,
698 2483 798 2545 sedulo.

150 2565 208 2636 Ait,
228 2563 339 2624 srfidem
347 2563 457 2634 habeat,
477 2563 503 2623 se
516 2564 551 2623 iri
563 2565 742 2644 praeposrtum
755 2566 805 2626 tibi

151 2644 233 2722 Apud
240 2664 296 2715 me,
317 2663 349 2702 ac
359 2663 415 2703 non
427 2644 456 2703 id
465 2657 579 2715 metuat,
599 2664 643 2715 ne,
658 2645 704 2706 ubi
717 2648 877 2725 acceperim,
920 2649 959 2712 6ο

153 2721 212 2782 Sese
219 2725 383 2803 relinquam,
402 2723 472 2781 velle
485 2723 511 2790 se
525 2723 601 2782 illam
619 2725 687 2784 mihi
700 2724 785 2783 dare:

152 2801 258 2860 Verum
271 2803 300 2862 id
313 2803 408 2862 vereri.
431 2801 486 2873 sed,
504 2821 557 2882 ego
570 2818 702 2882 quantum
716 2801 843 2882 suspicor,

154 2880 202 2940 Ad
212 2882 348 2961 virginem
360 2882 483 2942 animum
496 2881 602 2958 adjecit.
623 2883 671 2942 Ph.
684 2882 809 2942 Etiamne
821 2883 936 2960 amplius
950 2892 961 2945 ἓ

155 2959 293 3020 ’ΠιΝὓιίΙ
304 2981 312 3017 2
325 2980 389 3020 narn
398 2961 525 3040 quaefivi.
547 2981 619 3022 nunc
628 2981 681 3040 ego
693 2979 765 3030 eam,
775 2963 814 3020 mi
822 2961 965 3037 Phaedria,

154 3037 264 3098 Multae
271 3039 328 3100 sunt
333 3039 437 3110 causae,
450 3040 629 3120 quamobrem
642 3040 752 3118 cupiam
762 3039 911 3099 abducere:
924 3039 961 3122 65

152 3117 281 3175 Primum
290 3119 365 3197 quud
378 3120 453 3178 soror
466 3120 502 3178 est
515 3119 606 3178 dicta:
626 3131 763 3197 praeterea
776 3131 805 3176 ut
818 3117 869 3177 suis

146 3195 314 3290 ,Restituam
332 3217 365 3258 ac
389 3197 522 3260 reddam:
562 3197 618 3256 sola
638 3196 717 3254 sum:
756 3197 844 3257 habeo'
866 3199 965 3262 hicne·

276 3295 400 3343 munem
932 3341 935 3347 ,

153 3354 257 3434 Neque
268 3357 399 3491 amicum,
410 3375 498 3435 neque
509 3367 672 3433 cognatum:
687 3356 873 3429 quamobrem,
885 3359 969 3419 Phae-

295 3455 345 3506 rra,

886 3517 974 3592 Cupio
