2508 4450
251 781 350 853 Finem
358 791 472 851 stamine
485 794 604 853 orationi
616 794 741 853 milicem.
956 837 978 872 ,3

248 874 298 932 Ph.
312 871 439 951 Seduquid
450 873 503 932 hoc
520 875 613 953 negoti
624 874 671 944 est,
691 871 775 933 modo
785 875 857 953 quae
866 875 990 934 narravit
1002 870 1072 935 mihi

249 951 309 1013 Hic
323 953 394 1010 intus
405 952 537 1012 Bacchis?
559 953 634 1030 quod
644 973 697 1032 ego
707 972 861 1032 numquam
874 954 979 1030 credidi
998 969 1001 974 '

253 1034 335 1100 Fere,
356 1045 386 1088 ut
403 1032 510 1090 hacille
523 1033 586 1092 viva
608 1033 692 1108 poiset
705 1033 830 1091 animum
842 1033 989 1112 inducere„
1043 1083 1056 1106 „

251 1111 378 1172 Uxorem
391 1111 499 1168 habere.
530 1111 709 1176 Pa.,Habere
721 1105 840 1171 au'tem?
872 1115 925 1171 Ph.
953 1113 1016 1173 Eho
1027 1111 1067 1188 tu,¹

364 1209 398 1247 an
412 1209 468 1248 non
481 1190 589 1249 habeti
897 1266 900 1271 Ι
1006 1187 1064 1272 '23'

244 1269 296 1328 Pa.
307 1269 402 1328 Habet
419 1289 426 1325 :
448 1268 493 1326 sed
503 1269 598 1329 firmae
608 1270 661 1328 hae
673 1289 768 1330 vereor
781 1283 813 1329 ut
826 1270 877 1330 sint
885 1272 1013 1351 nuptiae.

244 1349 298 1406 Pb.
311 1349 356 1406 Ita
373 1346 414 1406 Di
426 1347 559 1427 Deaeque
572 1350 669 1420 faxint,
682 1351 709 1408 ni
718 1351 747 1407 in
757 1369 816 1408 rem
829 1352 866 1410 est
876 1351 1027 1410 Bacchidis.

243 1427 294 1486 Sed
307 1429 355 1505 qui
366 1427 431 1486 istuc
439 1427 549 1502 credam
563 1431 601 1488 ita
610 1429 663 1486 eise
674 1431 685 1486 i
705 1428 750 1486 dic
762 1429 842 1498 mihi,
863 1432 1010 1488 Parmeno.

242 1507 294 1564 Pa.
310 1508 377 1566 Non
387 1509 424 1566 est
436 1525 504 1585 opus
516 1508 640 1585 prolato:
660 1508 714 1564 hoc
720 1505 905 1581 percontarier
1058 1559 1068 1584 ,-

240 1585 353 1644 Defiste.
375 1588 424 1642 Ph.
440 1588 549 1661 Nempe
561 1583 690 1652 eacausa,
711 1597 782 1640 utne
793 1583 822 1640 id
836 1584 884 1644 fiat
898 1585 999 1663 palam.
1024 1590 1068 1663 30'

239 1664 285 1722 Ita
298 1683 343 1722 me
363 1661 404 1718 Di
416 1663 556 1729 amabunt,
578 1660 653 1720 h'aud
667 1674 814 1738 propterea
823 1675 851 1718 te
862 1677 941 1741 rogo,

239 1742 282 1800 Ut
295 1741 352 1814 hoc,
358 1740 496 1817 proferam
510 1761 517 1796 :
539 1739 584 1797 sed
596 1752 627 1797 ut
637 1739 724 1810 tacita
737 1755 848 1798 mecum
861 1741 1008 1819 gaudeam}

238 1821 289 1878 Pa.
300 1820 331 1878 N
384 1881 388 1892 ,
400 1839 465 1877 uam
476 1819 550 1878 dices
560 1831 618 1876 tum
626 1815 782 1891 commode,
806 1832 838 1890 ut
849 1820 958 1899 tergium
967 1841 1062 1882 meum

237 1899 333 1958 Tuam
341 1900 370 1958 in
431 1919 462 1957 m
473 1899 656 1957 committam.
678 1897 728 1962 Pb.
743 1897 791 1954 Ah
802 1899 810 1954 i
822 1898 891 1968 noli,
914 1900 1061 1958 Parmeno.

240 1979 325 2058 Quasi
339 1991 370 2038 tu
381 1997 438 2037 non
447 1978 622 2056 multomalis
636 1995 745 2036 narrare
756 1976 810 2034 hoe
823 1978 907 2048 mihi,
1024 1998 1072 2058 35.

238 2053 1072 2198 {imnnii²nz¹m⁶⁰³²i⁰iiininviiinni²i⁶³0²‘²'

239 2219 312 2288 Das,
330 2234 357 2277 te
372 2207 526 2288 meinuram,
548 2209 648 2278 dicam.
670 2216 722 2274 Pb.
731 2207 778 2274 Ad
791 2207 933 2294 ingenium
943 2215 1024 2276 redis.
1066 2293 1068 2298 Ι

239 2291 338 2355 Fidem
346 2298 400 2355 do:
415 2299 540 2374 loquere
555 2299 608 2355 Pa.
621 2294 764 2354 Ausculta.
785 2297 836 2352 Pb.
846 2297 910 2356 Istic
922 2295 989 2357 sum.
1008 2299 1065 2356 Pa.

359 2377 444 2433 Hanc
459 2375 625 2435 Bacchidem

238 2453 372 2524 Amabat,
393 2468 424 2511 ut
437 2455 500 2512 cum
514 2473 655 2524 maxume,
675 2464 735 2511 tum
750 2429 922 2531 Pamphilus,
1020 2444 1062 2532 46
1175 2513 1178 2520 ,

239 2535 335 2611 Quum
347 2547 432 2609 pater,
454 2553 568 2592 uxorem
579 2525 610 2592 nt
622 2527 721 2603 ducet,
735 2551 815 2591 orare
826 2535 927 2611 occipit
940 2553 949 2590 ε

236 2612 273 2668 Et
285 2611 364 2679 haec,
392 2614 551 2669 communia
560 2614 689 2669 omnium
702 2610 846 2689 quaesunt
859 2627 981 2690 potrum,

237 2688 298 2748 Sese
307 2687 397 2746 senem
408 2679 470 2758 eise,
491 2688 602 2746 dicere:
623 2689 705 2746 illuni
718 2704 813 2748 autem
827 2694 961 2752 unicum:

236 2769 401 2830 Praesidium
410 2769 480 2840 velle
490 2767 517 2826 se'
530 2768 659 2826 senestuti
669 2766 743 2828 suan
1056 2826 1059 2834 ,

234 2850 286 2908 Ille
295 2850 384 2928 primo
392 2846 418 2905 se
431 2859 540 2927 negare.
561 2847 606 2908 sed
619 2847 760 2926 postquam
770 2848 861 2919 acrius
1018 2852 1059 2930 45⁴
1127 2881 1130 2885 ·

233 2931 314 2988 Pater
326 2929 415 2998 instat,
436 2929 501 2987 iecit
510 2928 597 2986 animi
611 2942 640 2986 ut
653 2927 770 2986 incertus
782 2929 854 2986 foret
869 2949 879 2992 ς

234 3009 374 3079 Pudorin',
395 3027 465 3066 anne
478 3008 567 3066 amori
577 3007 879 3088 obsequereturmagis.

233 3089 403 3160 Tundendo,
425 3095 507 3167 atque
521 3087 586 3147 odio
602 3087 718 3164 denique
732 3078 824 3144 effecit
836 3085 915 3144 senex
929 3105 940 3144 ι

234 3165 390 3246 Despondit
409 3168 435 3226 ei
447 3181 560 3248 gnatam
575 3168 654 3244 hujus
665 3166 899 3243 vicini'proxumi.
1050 3227 1056 3234 ,

234 3244 331 3323 Usque
345 3247 414 3306 illud
427 3248 514 3307 visum
524 3249 561 3306 est
575 3245 719 3325 Pamphilo
733 3243 892 3324 neutiquam
905 3255 1001 3326 grave,
1023 3252 1060 3326 50

234 3323 334 3389 Donec
344 3325 405 3399 jam
416 3327 446 3382 in
458 3328 519 3404 ipsus
531 3330 640 3406 nuptiis.
650 3327 805 3405 'postquam'
818 3325 892 3383 videt
959 3396 961 3400 Ι
990 3357 993 3362 v

235 3401 347 3476 Baratas
365 3421 371 3456 :
394 3423 445 3461 nec
460 3426 569 3466 moram
586 3409 682 3476 ullam,
703 3407 770 3484 quin
783 3407 874 3476 ducat,
896 3403 974 3464 dari:

233 3477 278 3536 Ibi
291 3478 407 3536 demum
420 3481 548 3563 itaaegre
558 3488 631 3556 tulit,
652 3500 683 3543 ut
691 3487 776 3563 ipsam
791 3485 966 3557 Bacchidem,

233 3559 264 3616 Si
275 3557 383 3626 adesset,
403 3559 495 3632 credo,
515 3565 555 3623 ibi
568 3565 625 3640 ejus
638 3561 890 3627 commiseresceiet.
973 3629 1035 3701 Ubi,
1052 3625 1055 3630 .
