2508 4450
299 625 358 688 ψ
509 608 943 704 nnonnto

295 710 342 769 Ne
354 723 380 769 te
393 709 476 770 iratus
490 705 548 770 suis*
555 709 691 771 saevidicis
702 713 779 774 dinis
792 713 914 792 protelet.
945 712 993 772 An.
1013 715 1094 790 Scio„

296 789 348 848 Gr.
364 790 403 848 Vi
415 793 538 850 coadurn
553 805 580 851 te
592 793 776 863 effeinvitum,
790 795 860 874 lege,
876 793 989 871 judicio.
1010 797 1098 852 tenes!

294 868 348 927 Sed
357 870 476 1008 quisAJpc
488 872 525 929 est
538 871 624 1010 senpx,
645 892 726 950 quem
747 873 826 932 video
839 875 868 931 in
882 874 977 932 ultima
989 874 1098 951 platea?

458 953 500 1010 ,Ι
530 971 583 1009 use
618 973 625 1009 t

294 1028 363 1088 Non
375 1031 478 1109 pollam
492 950 585 1088 discsse.
614 1007 670 1090 'Ge
685 1031 748 1091 Ah!
781 1031 848 1110 quid
861 1033 945 1113 agis?
965 1051 1021 1111 quo
1034 1031 1101 1102 abis,

411 1110 554 1188 Antipho?
574 1131 664 1180 mane,

293 1185 388 1259 Mane,
408 1191 530 1268 inquam.
564 1191 614 1248 Are.
635 1191 750 1270 Egomet
770 1209 814 1248 me
826 1189 899 1262 novi,
920 1197 946 1249 δι
959 1203 1099 1270 peccatum

408 1289 519 1328 meum:
1063 1287 1103 1346 40

289 1348 377 1407 Vobis
389 1349 553 1410 commendo
567 1347 711 1420 Phanium,
732 1356 759 1407 dr
768 1350 852 1407 vitam
864 1368 962 1406 meam.

289 1427 338 1486 Pb.
359 1430 442 1500 Geta,
462 1428 529 1507 quid
537 1449 609 1488 nuno
619 1430 684 1487 liet?
704 1429 754 1486 Ge.
775 1430 822 1485 Tu
831 1429 889 1502 jam
899 1429 958 1484 lites
970 1427 1079 1486 audies:

288 1507 349 1586 Ego
362 1510 463 1585 pledlar
472 1509 596 1586 pendens,
616 1509 664 1564 nisi
673 1506 739 1582 quid
747 1525 791 1561 me
804 1506 937 1562 fefellerit.

287 1587 341 1644 Sed
350 1587 424 1666 quod
437 1587 519 1644 modo
533 1587 577 1642 hic
587 1605 634 1642 nos
649 1584 835 1660 Antiphonem
849 1587 1013 1658 monuimus,

285 1663 320 1722 Id
329 1663 606 1752 nosmetipsosfacere
619 1673 736 1740 oportet,
756 1661 896 1720 Phaedria.
1056 1685 1095 1745 45

285 1743 333 1801 Pb.
360 1743 449 1802 Aufer
468 1743 557 1808 mihi;
589 1756 714 1822 oportet:
744 1743 811 1820 quin
835 1755 873 1810 tn,
893 1741 969 1820 quod
983 1743 1094 1817 faciam,

403 1841 442 1880 rm
478 1841 516 1880 m.

285 1901 338 1960 Ge.
359 1843 537 1960 Memiitistin'
550 1902 617 1960 olim
632 1913 662 1958 ut
672 1899 753 1958 fuerit
765 1899 853 1958 vollra
865 1900 963 1974 oratio,

284 1982 319 2038 In
329 2001 358 2039 re
369 1981 525 2060 incipiunda
535 1980 570 2040 ad
583 1979 780 2040 defendendam
796 1980 913 2040 noxiam.
979 1991 982 2000 ⁴

284 2061 387 2136 Justam
398 2062 475 2120 illam
482 2061 599 2131 causam,
609 2061 726 2130 facilem,
746 2060 911 2130 vincibilem,
931 2069 1090 2138 optimam?

282 2141 331 2200 Pb.
346 2143 472 2202 Memini.
493 2142 545 2200 Ge.
560 2141 654 2202 Hem!
685 2157 756 2199 nunc
765 2138 820 2218 ipsa
830 2140 861 2198 ’st
875 2159 944 2218 opus
963 2161 1014 2200 ea:
1034 2155 1091 2213 aut,

401 2221 497 2300 siquid
509 2223 603 2298 potest,
1053 2241 1092 2300 50

282 2300 410 2370 Meliore,
432 2308 459 2360 dr
471 2300 620 2359 callidiore.
639 2299 686 2356 Pb.
704 2299 763 2356 Fiet
776 2294 874 2358 sedulo.

282 2381 333 2440 Ge.
355 2382 439 2439 Nunc
449 2381 523 2457 prior
532 2379 606 2438 adito
621 2393 664 2436 tu:
685 2399 737 2456 ego
751 2380 781 2436 in
794 2377 911 2438 subsidiis
921 2377 967 2438 hie
981 2399 1027 2438 ero

281 2461 504 2529 Stiecenturiatus,
518 2459 537 2517 st
551 2459 617 2538 quid
630 2459 743 2518 deficiet.
764 2460 813 2516 Ph.
828 2460 900 2538 Age.

398 2540 610 2598 ACTUS
650 2539 689 2597 II.
769 2539 918 2598 Scann
951 2540 974 2596 Ι.

416 2617 579 2674 D-arttnno.
620 2618 723 2677 Gm.
763 2618 937 2676 Pannonia.

277 2700 327 2759 De.
391 2695 503 2755 TANE
514 2696 622 2754 tandem
636 2715 748 2754 uxorem
761 2696 837 2754 duxit
853 2699 977 2776 Antipho
987 2699 1082 2776 injussu

506 2781 596 2836 meo?

277 2861 339 2921 Nec
349 2876 439 2919 meum
450 2857 608 2935 imperium:
628 2875 687 2934 age,
708 2857 789 2914 mitto
802 2854 966 2934 imperium:
987 2877 1041 2916 non
1052 2859 1083 2916 sr-

393 2938 534 2996 multttem
544 2956 634 2995 meam

276 3020 407 3080 Revereri
420 3019 533 3077 saltem?
566 3035 620 3074 non
634 3014 754 3095 pudere?
788 3013 806 3074 ὂ
825 3015 927 3075 facinus
937 3017 1041 3076 audax:
1062 3017 1081 3076 ὂ

393 3101 467 3158 Geta

272 3177 397 3238 Monitor
412 3180 419 3237 l
440 3179 491 3236 Ge.
512 3175 570 3234 Vix
583 3175 699 3234 tandem.
731 3175 779 3270 lle.
795 3175 871 3253 Qid
883 3177 952 3235 mihi
965 3175 1077 3236 dicent?

183 3310 199 3376 κ’
272 3255 937 3412 1)εωίτοῗῐέἒαῗτέἰξξίῗεὲῗεαὲῖῃὶἷίιάοιτει.
958 3334 1074 3394 ὓι.Αη-

388 3431 423 3472 ne
432 3411 485 3474 hoc
495 3413 585 3474 dicent
597 3415 676 3485 mihi,
1058 3435 1073 3494 ς

974 3495 1081 3567 Invitat
