2508 4450
244 629 531 694 Aerualll.
611 629 838 692 ScaualV.
919 654 979 715 207
1064 717 1068 734 Ι

167 733 349 812 Ρταεῑοῐίοτὶε,
369 731 416 810 qui
430 735 581 810 numquam
594 751 623 791 es
649 732 777 810 ingressus
790 754 872 794 mare.

164 817 194 886 N
196 835 242 872 am
262 813 328 872 alias
342 825 370 869 ut
384 809 508 870 omittam
522 809 651 882 miserias,
673 831 756 870 unam
770 814 840 873 hanc
860 816 919 874 vide
933 838 941 874 :

167 893 239 954 Dies
251 892 374 970 triginta,
392 905 439 966 aut
451 890 510 968 plus
520 911 564 962 eo,
584 893 612 960 in
627 893 688 950 navi
706 891 754 962 sui,

166 975 243 1046 Cum
256 973 358 1031 interea
372 969 474 1049 semper
484 986 601 1030 mortem
615 973 790 1048 expectabam
806 973 894 1032 miser.

165 1053 212 1118 Ita
228 1049 309 1130 usque
317 1049 429 1110 advorsa
441 1051 595 1129 tempestate
608 1050 644 1110 usr
659 1049 755 1112 sumus.
921 1091 923 1096 ·

167 1133 235 1208 Par.
259 1128 408 1190 Odiosum!
428 1133 465 1189 so.
487 1131 575 1206 Haud
582 1131 654 1191 clam
669 1132 772 1191 maest·
792 1131 910 1212 denique
921 1131 983 1192 her-

288 1209 330 1272 cle
343 1209 499 1288 aufugerim
947 1221 983 1282 iu

170 1289 270 1366 ¹Potius,
290 1309 374 1367 quam
395 1288 514 1362 redeam,
534 1288 600 1354 saco
615 1289 682 1346 mihi
691 1289 856 1350 redeundum
866 1289 922 1352 fiet.

165 1371 230 1428 Par.
253 1369 332 1432 Olim
343 1367 455 1446 quidem
470 1382 496 1426 te
510 1367 605 1427 causae
615 1370 790 1446 impellebant
803 1373 883 1442 leves,

166 1448 251 1530 Quod
265 1467 338 1508 nunc
351 1448 478 1507 minitare
492 1447 589 1517 facere,
611 1464 640 1507 ut
655 1450 764 1519 taceres,
784 1450 864 1508 Sosia.

165 1529 219 1588 sed
229 1527 403 1607 Pamphilum
417 1525 504 1605 ipsum
516 1523 677 1589 video‘stare
687 1544 750 1587 ante
763 1529 869 1592 ollium.

164 1607 299 1668 lteintro.
319 1608 456 1684 egohunc
472 1609 563 1678 adibo,
583 1608 683 1687 fiquid
694 1609 823 1668 mevelit.
946 1629 979 1696 ις

166 1685 257 1764 Here,
277 1685 361 1743 etiam
375 1699 405 1742 tu
423 1688 630 1747 nunchicstas?
666 1689 715 1748 Pa.
736 1687 871 1768 equidem
895 1703 923 1748 te
934 1697 981 1748 ex-

289 1763 387 1842 spesso.
420 1764 646 1842 Par.Q1idestl

166 1845 215 1912 Pa.
230 1844 265 1904 In
290 1862 380 1901 arcem
394 1839 541 1980 tpanscurso
555 1862 621 1919 opus
633 1844 678 1900 est.
706 1843 770 1902 Par.
785 1847 838 1906 Cui
849 1848 977 1912 homini?

290 1923 340 1980 Ra.
356 1923 395 1980 Ti
414 1922 433 1978 i.

165 2003 230 2066 Par.
246 2003 394 2058 lnarceml
408 2000 475 2078 quid
486 2006 538 2064 eoi
560 2001 609 2060 Pa.
625 1999 833 2064 Callidemidem
847 2001 979 2080 hospitem

166 2080 343 2158 Myconium,
364 2079 412 2156 qui
426 2099 533 2138 mecum
547 2101 600 2139 una
614 2081 739 2138 advedlus
751 2083 797 2150 est,
818 2083 940 2140 conveni.

165 2161 230 2222 Par.
246 2159 335 2216 Perii!
350 2157 449 2220 vovisse
459 2158 532 2217 hunc
544 2147 643 2228 dicam,
665 2159 777 2220 sisalvos
787 2160 900 2218 domum
942 2179 979 2223 zo

166 2239 286 2318 Redisset
300 2257 439 2316 umquam,
462 2252 491 2296 ut
503 2257 548 2296 me
558 2239 724 2297 ambulando
738 2255 881 2318 rumperet.

166 2319 216 2380 Pa.
233 2318 308 2398 Qid
332 2317 436 2456 cessamp?
458 2317 521 2376 Par.
537 2317 611 2398 Quid
621 2319 661 2378 viu
673 2318 783 2380 dicam?
803 2339 839 2378 an
852 2320 978 2380 conveniv

286 2417 330 2456 am
346 2417 375 2456 m
412 2417 429 2456 o
445 2403 455 2458 t

164 2479 214 2540 Pa.
228 2479 330 2548 Immo,
344 2476 417 2556 quod
423 2477 546 2538 constitui
557 2496 602 2536 me
608 2477 690 2546 hodie
699 2479 895 2550 conventurum
902 2499 976 2552 eum,

164 2559 232 2617 Non
242 2558 314 2636 posse
327 2581 337 2624 t
364 2577 397 2614 ne
407 2578 451 2616 me
465 2558 561 2616 frustra
574 2560 630 2618 illic
643 2558 783 2637 exspedlet.
804 2560 875 2619 vola.

163 2639 227 2702 Par.
242 2639 346 2696 Arnon
364 2638 429 2728 novi
441 2638 559 2712 hominia
569 2638 677 2698 faciem.
697 2639 748 2698 Pa.
762 2641 801 2699 At
815 2640 924 2710 seciam,
945 2652 976 2710 ut

281 2737 395 2776 noveris.
937 2741 953 2779 2

162 2797 292 2873 Magnus,
313 2795 483 2867 rubicundus,
503 2796 612 2874 crispus,
633 2797 739 2867 crassus,
759 2799 866 2870 caesius,
957 2740 973 2800 ⁵

162 2873 332 2935 Cadaverosa
345 2874 421 2932 facie.
443 2875 507 2932 Par.
522 2877 571 2934 Dii
581 2879 659 2935 illurn
672 2878 796 2952 perduint
809 2879 815 2936 l

165 2953 252 3030 Quid,
273 2951 358 3010 sinon
367 2953 478 3020 veniet?
500 2973 660 3012 maneamne
672 2955 752 3032 usque
765 2955 800 3014 ad
811 2953 950 3030 vesperum
962 2961 973 3018 l

162 3033 212 3090 Pa.
228 3032 350 3088 Maneto.
371 3050 458 3090 curre.
472 3033 538 3088 Par.
553 3034 618 3090 Non
628 3052 718 3110 queo:
736 3033 972 3108 iudefeffussum,

164 3113 214 3170 Pa.
235 3111 285 3166 Ille
298 3111 374 3176 abiit.
393 3109 460 3188 quid
469 3129 551 3188 agam
559 3111 653 3168 infelix
665 3117 676 3174 i
688 3111 792 3188 prorsus
803 3113 900 3183 nescio,
936 3132 973 3190 30

162 3192 228 3268 Qu
241 3189 321 3265 padio
336 3189 388 3248 hoc
402 3190 487 3247 celem
499 3212 508 3253 a
528 3189 601 3269 qu'od
609 3209 653 3248 me
661 3193 749 3249 oravit
759 3191 914 3268 Myrrhina,
967 3183 984 3224 ’·

161 3271 230 3327 suae
245 3280 344 3346 gnatae
354 3283 470 3345 partum.
491 3287 556 3326 nam
569 3287 615 3327 me
628 3268 734 3328 miseret
746 3272 873 3334 mulieris.
911 3265 913 3274 ’

162 3347 246 3424 Quod
259 3360 365 3424 potero,
385 3347 484 3406 faciam
497 3365 504 3402 :
524 3361 616 3407 tamen
631 3362 660 3407 ut
672 3350 798 3427 pietatem
812 3351 910 3428 colam.

163 3428 240 3508 Nam
248 3446 293 3507 rue
306 3427 410 3526 parenti
420 3428 518 3516 petius,
538 3447 620 3528 quam
633 3431 720 3507 autori
735 3430 844 3512 obsequi
855 3511 970 3592 oport&
