2458 4436
961 189 990 390 ,

197 609 240 668 M.
262 609 380 668 ANT.
401 607 608 668 MURETI
629 571 866 672 Ascanimia.
910 613 967 690 189

151 712 221 782 dente
247 712 376 768 admodum
384 711 483 788 puellae
502 727 594 782 matre,
624 734 698 790 quoe,
719 719 781 792 quia
792 715 850 790 sola
869 717 965 790 conscia

150 805 208 847 erat
224 789 315 866 filiam
339 791 448 867 eflupro
467 795 613 870 gravidam
632 797 686 870 effi,
706 798 885 871 quamprimum
904 816 961 852 earn

148 869 269 926 collocare
278 869 437 946 properabat,
456 887 494 941 ut,
505 872 536 947 fi
546 877 620 949 forte
637 873 687 950 pull
700 875 796 951 aliquot
814 877 901 947 ruereses
910 887 958 948 pa-

147 962 226 1016 reret,
246 953 348 1026 nuptiis,
367 952 561 1027 quemadmodum
578 956 655 1032 saepe
670 953 715 1028 fit,
744 953 896 1032 obtegeretur
903 953 959 1025 stu·

142 1039 229 1102 prum.
271 1026 368 1086 Cecidit
380 1052 419 1087 res
429 1029 500 1108 longe
517 1033 604 1102 aliter,
625 1055 660 1090 ac
666 1032 818 1110 putabatur.
859 1034 959 1096 Etenim

121 1127 124 1133 ·
148 1105 306 1182 Pamphilus,
325 1114 372 1184 qui·
389 1111 555 1186 inviteffimus
575 1113 700 1190 adjeciffet
712 1118 823 1172 animum
848 1115 889 1180 ad
907 1134 959 1170 rm

144 1190 272 1254 uxoriam,
299 1193 361 1263 quia
374 1189 655 1268 nivelleresederepente
672 1215 691 1249 a
711 1193 851 1252 Bacchidis
873 1215 958 1260 amore

143 1280 228 1340 nonpo
258 1280 278 1335 t,
300 1272 341 1323 ita
367 1270 461 1325 dormit.
480 1292 534 1326 cum
556 1292 641 1341 uxme,
676 1286 703 1329 ut
716 1295 771 1330 eam
793 1297 823 1332 ne
836 1278 956 1354 attigerit

139 1345 244 1418 quidem.
285 1345 409 1413 Bacchis,
429 1349 500 1424 quod,
523 1370 554 1406 ea
567 1353 650 1420 viva,
679 1373 803 1429 nunquam
809 1357 839 1430 se
853 1377 953 1412 uxorem

25 1474 27 1480 ,
139 1422 281 1494 dueturson,
306 1428 384 1502 saepe
407 1432 434 1484 ei
448 1431 596 1504 promilcrat
619 1430 778 1508 Pamphilus,
812 1435 952 1492 nonnullam

129 1499 189 1582 sthi
206 1500 241 1560 ab
269 1526 294 1562 eo
305 1509 416 1582 fatiam
439 1509 563 1586 irp'ccriam
586 1524 690 1585 putares,
723 1514 798 1576 multo
816 1518 841 1574 ei
863 1521 952 1587 minus,

141 1602 217 1655 quarn
222 1582 333 1657 solebat,
352 1587 458 1662 placida
479 1587 654 1666 &obsequens
671 1594 717 1669 effe
732 1597 814 1670 coepit.
857 1597 953 1672 Eofa'·

137 1666 207 1716 etum
229 1662 270 1732 est,
301 1677 329 1719 ut
352 1663 498 1740 Pamphilius
527 1673 551 1723 ei
566 1673 596 1744 se
624 1672 765 1746 paullatim
790 1675 948 1748 fiehduxerit,

137 1759 263 1814 quamque
278 1745 351 1815 prius
363 1742 498 1814 spernebat
519 1767 628 1816 uxorem,
654 1753 707 1824 ejus
724 1757 854 1832 mirificum
874 1780 948 1835 quen·

73 1839 76 1848 ·
137 1817 201 1872 dam
226 1837 332 1874 amorem
351 1822 434 1875 animo
455 1827 593 1897 conceperit.
635 1827 733 1884 Interea
746 1836 865 1906 quiddam
878 1844 954 1895 acci·=

136 1896 187 1967 elit,
207 1909 236 1953 ut
257 1901 307 1954 iter
327 1897 458 1976 Pamphilo
484 1903 511 1955 in
539 1899 648 1960 Imbrum
671 1907 735 1981 effet.
774 1911 889 1986 Profee‘to
911 1938 946 1986 eo,

137 1975 302 2044 Philumena,
326 1976 390 2053 quae
403 1982 560 2057 intumescere
562 1979 619 2056 sibi
634 1997 731 2041 uterum
736 1989 854 2062 sentiret,
874 2016 948 2068 quum

136 2049 257 2123 aliorum,
279 2067 332 2110 tum
336 2057 421 2132 socrus
433 2061 545 2132 inprimis
551 2061 619 2134 suae
638 2064 782 2138 conspolium
793 2071 947 2146 refugiebat.

137 2129 250 2188 ‘landem
271 2154 345 2210 quum
368 2138 395 2190 in
413 2138 517 2211 couplet,
547 2135 674 2197 ulcelare
687 2146 740 2197 vix
758 2159 821 2220 poe
843 2150 949 2227 amplius
1050 2150 1054 2158 ’

134 2211 282 2282 uideretur,
295 2214 385 2288 sueretu
397 2213 524 2289 oecastone,
539 2229 587 2290 per
594 2219 765 2292 sesersfieandi
776 2229 890 2301 speeiem,
911 2235 951 2288 ad

134 2304 244 2346 matrem
249 2295 289 2365 se,
310 2313 386 2348 unane
397 2297 502 2350 omnium
515 2301 734 2374 rerumconsciam,
761 2309 862 2380 corfirt.
891 2311 946 2385 Post

134 2370 189 2444 dies
204 2371 369 2446 complusculos
393 2375 474 2430 mittit
490 2371 611 2445 Sostrata,
645 2383 690 2455 qui
712 2403 768 2439 eam
790 2391 943 2464 arcffrmt.

136 2447 309 2526 Respondetur,
333 2458 462 2530 aegrotam
473 2456 526 2530 effe.
568 2456 603 2525 lt,
623 2471 651 2514 ut
662 2480 718 2516 eam
723 2462 819 2537 fieltem
831 2471 944 2544 viseret:

133 2548 179 2588 non
202 2529 368 2587 admittitur(
397 2531 493 2589 laches
517 2539 639 2610 accusare
655 2560 763 2611 uxorem,
794 2541 829 2604 Εἴ
852 2550 944 2622 dicere,

132 2606 297 2666 haecomnia
325 2610 395 2686 illius
407 2611 481 2688 cupa
495 2620 637 2693 contingere.
680 2619 733 2676 Illa
754 2637 840 2682 contra
864 2651 940 2689 excu-

125 2687 191 2762 sare
205 2689 245 2760 se,
266 2688 301 2748 δ’
315 2690 413 2766 culpam
433 2691 585 2769 deprecari:
615 2696 708 2756 nullius
722 2704 754 2776 se
766 2708 806 2760 rei
818 2713 940 2781 consciam

131 2767 186 2841 effi,
206 2788 251 2823 cur
256 2772 308 2842 scca
329 2769 465 2843 conficetudo
484 2778 561 2830 nurui
572 2776 653 2849 odiosa
663 2781 708 2853 effe
720 2779 816 2838 debeat.
860 2787 941 2845 Inter·

131 2865 163 2899 ea
184 2846 262 2900 rediit
275 2847 432 2924 Pamphilus,
453 2863 528 2928 atque
550 2857 590 2909 ita
609 2857 666 2928 sors
688 2856 757 2925 tulit,
788 2876 816 2922 ut
835 2886 881 2938 quo
898 2871 940 2925 die

130 2926 180 3001 ipse
203 2923 315 2980 Athenas
338 2925 444 3001 appulit,
477 2949 502 2983 eo
515 2934 572 3004 ipso,
594 2932 746 2992 Philumena
762 2951 842 3010 partu
863 2943 939 3003 leva-

127 3015 210 3057 retur.
250 3002 340 3076 Quni
356 3009 449 3081 igitur,
472 3008 578 3064 videndi
592 3013 703 3085 cupidus,
730 3013 890 3092 (aegrotare
913 3046 938 3079 e-

129 3083 184 3135 nim
197 3095 335 3155 acceperat,
356 3083 390 3143 ὃ
405 3087 446 3138 ita
459 3084 578 3160 amabat,¹
608 3103 635 3144 ut
650 3094 694 3164 qui
716 3093 938 3171 vehementiffime)

121 3157 211 3235 subito
231 3159 269 3214 ad
284 3179 339 3222 eam
351 3165 468 3238 ingrffcs
487 3167 552 3240 effit,
568 3171 684 3242 peperiffe
695 3170 857 3245 deprehendit.
898 3169 941 3240 Ibi

128 3259 184 3295 eum
198 3235 336 3312 Myrrhina
355 3255 480 3297 exeuntem
496 3246 632 3318 prosecuta,
653 3245 805 3319 lacrumans,
825 3253 940 3331 obtestari

129 3321 213 3393 coepit,
244 3317 339 3392 quando
358 3340 389 3374 ea
402 3340 441 3375 res
454 3320 523 3377 nihil
541 3324 587 3399 ipſs
607 3331 721 3384 nocitura
740 3330 818 3406 cffit;
850 3359 879 3393 nc
898 3363 938 3399 re·

54 3413 59 3426 ·
128 3399 217 3472 siperet
240 3397 337 3472 quidem
359 3419 468 3469 uxorem,
490 3401 575 3474 fiita
598 3404 754 3469 videretur:
784 3414 837 3486 ſsd
854 3431 937 3476 eumen
1008 3465 1010 3469 ,

498 3479 557 3542 Aa
583 3501 599 3542 2
911 3519 941 3556 ne
