2508 4450
297 515 353 580 216
532 513 983 580 HECYWRA,

290 614 416 692 Accipies
432 631 556 692 puerum
577 615 628 674 Pa.
640 613 721 676 Sensit
733 605 867 694 peperiile.
887 615 991 676 occidi!

290 695 340 754 La.
352 694 484 751 Puerum!
499 701 779 772 quempuexuml
740 697 786 752 ΡΙ.
796 697 925 754 Natusest
933 697 1100 775 nobisnepoi

276 775 368 834 Nam
378 773 521 834 abdustaa
534 775 610 834 vobis
620 789 752 852 pregnans
764 774 850 833 fuerat
861 776 926 846 filia,

289 854 392 934 Neque
406 852 492 990 spille.
508 866 698 936 praegnantem
713 873 845 934 umquam
864 870 927 913 ante
946 857 1020 915 hunc
1038 855 1099 917 scivi

429 953 482 991 iem

289 1015 339 1074 La.
351 1013 580 1081 Bene‚1tameD1
591 1013 700 1072 amenti
720 1013 848 1071 nuncius:
870 1019 896 1072 dc
909 1013 1027 1106 gaudeo,
1065 1033 1099 1074 ιο

288 1095 396 1152 Natum
409 1093 496 1160 iilum,
519 1092 602 1152 &nbi
611 1092 687 1150 illam
698 1091 808 1149 salvam
828 1087 1086 1172 sedquidmulieuis

233 1177 243 1194 ⁹
286 1173 413 1232 Uxorem
424 1171 539 1230 habeo?
536 1187 593 1229 aut
602 1171 698 1252 quibus
709 1181 842 1230 moratam
856 1173 999 1238 moribus?

161 1319 163 1326 ¹
250 1290 257 1300 ·
284 1247 377 1312 Nosne
387 1251 440 1308 hoc
452 1250 554 1309 celatos
561 1265 618 1308 tam
631 1251 701 1310 diu?
733 1268 837 1330 nequeo
850 1251 919 1322 satis,

285 1331 378 1410 Qum
391 1331 444 1388 hoc
458 1331 526 1388 mlhl
537 1330 643 1390 videtur
657 1331 756 1390 fadum
771 1351 862 1408 prave,
884 1331 1017 1409 proloqui.
1094 1361 1101 1370 ·

282 1409 331 1468 ΡΙ.
353 1412 420 1469 Νοιι
434 1409 560 1469 ub1111ud
582 1409 684 1470 fadum
696 1411 783 1468 minus
795 1411 893 1486 placet,
914 1431 997 1488 quam
1011 1407 1094 1480 mihi,

404 1491 515 1548 anhes
1038 1489 1072 1546 2

279 1567 328 1626 Ρα.
339 1568 450 1626 Etiamsi
460 1568 561 1626 dudum
572 1567 657 1632 fuerat
667 1565 741 1625 ambi
763 1585 829 1624 uum
845 1567 898 1625 hoc
909 1567 997 1626 mihi:
1077 1507 1093 1571 ⁵

278 1647 421 1704 Nuncnon
435 1647 490 1711 est,
511 1663 596 1724 quum
608 1665 671 1703 eam
681 1585 855 1724 conequitur
864 1647 966 1710 alienus
974 1665 1053 1724 puer.

277 1726 326 1784 La.
338 1725 424 1782 Nulla
438 1725 498 1796 tibi,
519 1725 671 1802 Pamphile,
687 1726 733 1784 hic
743 1725 805 1802 jam
818 1725 980 1785 consultatio
991 1729 1032 1786 'st

259 1803 326 1866 Ῥιι.
341 1803 429 1863 Perii!
452 1771 503 1864 ΙΙ.
518 1805 603 1862 Hunc
611 1804 703 1864 videre
717 1804 793 1883 saepe
803 1806 964 1884 optabamus
977 1807 1059 1874 diem,

279 1887 377 1976 Quum
390 1903 423 1942 ex
433 1899 459 1943 te
473 1885 535 1948 elset
548 1885 655 1962 aliquis,
662 1887 717 1964 qui
726 1899 752 1943 te
761 1887 907 1966 appellaret
921 1900 1033 1962 patrem.
1050 1903 1088 1962 30

278 1963 387 2024 Evenit
409 1961 621 2044 habeogratiam
633 1965 693 2024 Dis.
714 1965 761 2023 Pa.
780 1961 881 2029 Nullus
895 1964 971 2024 sum!
1021 2023 1026 2034 ,

280 2044 331 2102 La.
353 2043 448 2103 Reduc
462 2063 581 2112 uxorem,
602 2065 635 2104 ac
645 2045 701 2103 noli
712 2044 848 2105 advorsum
859 2045 936 2104 mihi.

279 2123 329 2182 Pa
343 2124 431 2196 Pater,
452 2123 472 2182 fi
485 2145 519 2182 ex
528 2144 572 2184 me
585 2125 632 2184 illa
642 2125 740 2184 liberos
748 2125 827 2185 vellet
839 2124 897 2194 fibi,

281 2205 341 2264 Aut
353 2203 386 2262 se
391 2169 443 2264 εΙΙι
457 2223 564 2262 mecum
578 2209 706 2283 nuptam.
728 2203 788 2262 satis
800 2219 875 2264 certo
889 2203 953 2272 scio,

279 2284 402 2342 Nonme
415 2283 487 2340 clam
505 2285 625 2352 haberet,
647 2283 721 2362 quod
734 2285 829 2347 celasse
839 2283 971 2361 intelligo
1052 2297 1087 2359 ις

268 2363 370 2438 Nunc,
391 2379 476 2437 quum
487 2362 541 2437 ejus
554 2363 673 2420 alienum
684 2363 735 2420 elle
747 2384 763 2422 2
774 2383 817 2420 me
831 2364 953 2427 animum
965 2357 1088 2431 sentiam,

278 2441 341 2500 Neo
353 2455 549 2500 conventurum
557 2442 628 2499 inter
638 2443 801 2520 nosposlhac
811 2442 862 2501 elle
875 2443 1009 2501 arbitror:

276 2519 463 2596 Qamobrem
476 2521 625 2578 reducam?
648 2522 697 2576 La.
713 2522 804 2578 Mater
817 2521 891 2596 quod
906 2521 982 2578 suasit
993 2521 1049 2590 sua,

275 2596 435 2656 Adolescens
450 2598 548 2654 mulier
558 2598 631 2654 fecit
652 2599 842 2676 mirandumne
855 2599 883 2655 id
894 2601 948 2657 eli
944 2604 953 2644 Ρ

275 2671 386 2736 Censen‘
402 2690 427 2732 te
441 2675 512 2752 polle
526 2676 642 2752 reperire
653 2676 736 2732 ullam
750 2678 806 2738 mul
809 2678 904 2746 ierem,
1045 2697 1086 2756 40

276 2757 354 2840 Quae
363 2771 453 2814 careat
468 2754 570 2834 culpa?
591 2775 626 2812 an
640 2755 705 2834 quia
718 2775 772 2812 non
780 2755 975 2834 delinquunt
950 2777 1023 2816 viri
994 2757 1026 2804 θ

277 2837 325 2906 ΡΙ.
346 2835 458 2895 Voimct
471 2833 578 2894 videte
568 2854 637 2909 jam,
659 2835 771 2904 Laches
793 2842 818 2894 &
831 2850 859 2893 tu
875 2836 1028 2914 Pamphile,

277 2917 422 2980 Remissan‘
438 2937 525 2994 opus
518 2915 548 2973 sit
558 2916 644 2988 vobis
665 2935 699 2974 an
710 2915 835 2980 reddulla
845 2914 968 2984 domum

276 3000 358 3062 Uxor
367 2995 432 3078 quid
443 2995 563 3066 facian'
555 3017 583 3052 ιιι
596 3017 680 3054 manu
694 3017 747 3054 non
761 2997 798 3054 est
808 3013 887 3062 mea}

275 3075 406 3137 Neutre'
397 3097 425 3135 ιιι
436 3097 464 3135 re
473 3077 548 3136 vobis
561 3073 702 3136 difficultas
715 3097 730 3134 a
742 3097 785 3134 me
796 3076 856 3134 erit.
1060 3137 1062 3142 ,

273 3157 327 3212 Sed
334 3155 402 3290 puid
413 3158 540 3215 iaciemus
553 3176 659 3234 puero.
653 3161 662 3202 l
685 3157 733 3214 La.
749 3156 873 3214 Ridicule
887 3173 984 3234 rogas:

274 3235 334 3378 gii
334 3178 418 3312 dquid
441 3237 564 3298 futurum
578 3239 617 3308 Ῥ,
638 3237 701 3296 huic
716 3235 792 3294 suum
806 3235 900 3293 reddas
914 3235 1022 3304 scilicet

330 3313 432 3370 alamus
445 3317 571 3375 nostium.
594 3317 703 3395 PmQ
689 3336 749 3373 uem
763 3315 816 3394 ipse
831 3316 948 3393 neglexit
957 3328 1041 3392 pater,

274 3389 446 3474 lignulum?
477 3321 720 3468 La.Qu1dd1xt1l
751 3395 826 3462 eho!
854 3415 895 3466 an
902 3415 957 3460 non
970 3393 1080 3464 alemus,

303 3471 313 3480 ”
384 3467 552 3560 ,l’ampluilee
1017 3471 1081 3538 Pu«
