2508 4450
296 721 353 780 m
457 661 908 764 ‘necuim

293 806 359 863 Par.
375 804 437 881 Jam
449 824 481 864 ea
491 804 524 863 de
537 803 615 864 causa
626 820 753 862 maxume
763 825 835 864 nunc
848 807 903 864 huc
913 805 1027 864 introire
1036 793 1108 864 uolo

294 885 373 943 Nam
387 885 406 943 si
418 887 556 943 remittent
565 885 704 961 quidpiam
713 885 892 944 Philumenae
901 886 1017 956 dolores,

297 967 418 1022 Omnem
430 985 486 1022 rem
502 965 629 1032 narrabit,
641 963 704 1033 scio,
718 967 849 1022 continuo
862 963 918 1022 sola
932 965 990 1034 loli,
1073 983 1103 1043 ¹5

292 1045 395 1123 Qae
387 1058 456 1101 mter
470 1063 515 1100 vos
524 1039 676 1112 intervenit,
692 1043 762 1100 unde
772 1058 862 1100 ortum
877 1045 936 1100 est'
928 1045 1110 1110 mitiumirae

299 1125 391 1202 Atque
416 1141 509 1179 eccum
528 1121 606 1178 video
621 1120 707 1198 ipsum
728 1122 828 1203 egredi.
855 1141 939 1223 quum
959 1125 1039 1183 tristis
1053 1115 1109 1182 elil

413 1201 451 1258 So.
469 1202 497 1257 O
513 1202 551 1257 mi
566 1203 666 1278 gnate!

295 1281 344 1340 Pa.
347 1281 413 1338 Mea
421 1295 515 1350 mater
518 1280 650 1339 salvetso
660 1281 776 1338 Gaudeo
784 1282 881 1340 venale
891 1281 1004 1340 salvom.
1010 1267 1111 1340 saluan’

296 1361 458 1421 Philumena
470 1362 527 1420 estr
557 1361 605 1417 Pa.
621 1361 782 1418 Meliuscula
795 1363 839 1419 est.
860 1368 897 1422 so.
915 1361 1032 1420 Utinam
1046 1362 1117 1434 illue

416 1442 454 1498 ita
469 1441 508 1498 Di
522 1440 625 1498 faxintl

299 1519 374 1598 Qiid
384 1532 413 1577 tu
426 1519 510 1596 igitur
517 1521 668 1575 lacrumas?
688 1528 735 1572 aut
748 1515 814 1592 quid
827 1536 854 1576 es
863 1517 1010 1576 remisistis
1024 1522 1036 1576 i
1059 1519 1113 1577 Pa.
1229 1547 1230 1590 l

413 1598 503 1664 Mle,
525 1610 618 1650 mater.-
1070 1617 1117 1668 20,
1229 1599 1230 1658 l

293 1674 408 1752 SaQrid
419 1675 470 1730 fuit
478 1673 586 1730 tumulti
595 1671 784 1731 teterrimam
794 1671 873 1732 dolor
883 1675 1112 1751 repenteinvasrt?
1229 1667 1230 1680 ¹

292 1756 344 1814 Pa.
360 1753 402 1812 lta
416 1753 564 1812 bidum’st.
596 1753 635 1810 So.
651 1751 728 1828 Quid
742 1754 832 1812 morbi
844 1754 904 1814 elli
939 1754 990 1812 Pa.
1007 1754 1111 1816 Febris.

412 1835 449 1890 so.
464 1831 611 1890 Cotidiano
625 1835 635 1891 l
658 1832 705 1888 Pa.
717 1832 761 1890 lta
774 1833 858 1907 ajunt.
1061 1836 1079 1870 ⁰

296 1916 321 1983 Ι,
335 1912 501 1982 sodes,intro
512 1935 521 1977 ;
542 1907 689 1988 consequar
693 1913 752 1986 jam
763 1925 798 1980 te,
809 1931 870 1972 mee
876 1925 971 1970 mater.
985 1915 1023 1970 So.
1035 1913 1111 1971 Fiat.

297 1998 346 2055 Pa.
358 1995 406 2052 Tu
418 1993 507 2070 pueris
516 2009 604 2061 curre,
618 1992 760 2060 Parmeno,
781 1991 903 2061 obviam,
922 2004 1006 2070 atque
1023 1993 1066 2050 his
1079 2013 1109 2052 o·
1229 2039 1230 2046 ,

415 2091 480 2130 nera
499 2071 600 2148 adjuta.

298 2155 362 2213 Par.
383 2151 480 2230 Qud!
508 2172 562 2209 non
577 2151 661 2210 sciunt
687 2151 734 2228 ipsi
757 2151 840 2217 viam,
867 2148 981 2211 domum
1002 2170 1057 2228 qua
1070 2170 1109 2210 re-

415 2232 518 2288 deant?
541 2233 590 2287 Pa.
606 2232 718 2290 Celsae?
1072 2249 1106 2310 ar

387 2310 601 2366 ACTUS
639 2311 695 2366 ΙΙΙ.
775 2309 928 2368 Scina
964 2310 1017 2367 Ill.

289 2459 290 2464 ἵ
533 2389 886 2446 anrnttue

293 2467 509 2620 NEQmo
518 2486 639 2525 mearum
654 2487 745 2526 rerum
758 2469 868 2528 initium
890 2467 975 2526 ullum
989 2465 1107 2526 invenire

295 2624 378 2681 Unde
391 2546 668 2692 exordialdirlllldie,
673 2644 744 2701 quae
759 2645 809 2682 nec
825 2628 946 2702 opinanti
969 2625 1108 2684 accidunt:

294 2705 395 2763 Partim
407 2721 477 2779 quae
497 2701 617 2779 perspexi
631 2668 672 2761 liis
686 2704 780 2774 oeulis,
806 2707 907 2782 partim
929 2726 998 2784 quae
1016 2705 1106 2783 accepi

297 2867 360 2940 Qua
371 2783 543 2940 meagldpldr
550 2862 735 2922 exanimatum
745 2862 915 2922 citiuseduxi
930 2865 1011 2924 foras.
1070 2921 1072 2930 ,

296 2947 371 3005 Nam
381 2945 463 3002 modo
474 2943 597 3000 ineintro
609 2956 639 2999 ut
649 2943 766 3018 corripui
783 2944 902 3012 timidus,
912 2945 968 3002 alio
979 2943 1106 3020 suspicans

294 3025 398 3084 Morbo
409 3043 457 3116 me.
471 3023 589 3148 visurum
605 3022 749 3090 adscitam,
769 3041 802 3082 ac
812 3022 876 3080 sensi
889 3022 951 3092 elle,
974 3043 1085 3082 uxorem
1086 3099 1102 3158 6

293 3105 645 3319 Postquarlpleinsslallspexere
654 3181 768 3240 ancillae
781 3180 924 3250 advenire,
938 3181 1004 3240 ilico
1013 3199 1102 3240 omnes

422 3282 478 3318 rmu

292 3336 394 3394 Laetae
419 3343 581 3410 exclamant,
603 3342 695 3398 venit!
728 3339 757 3397 id
775 3340 851 3418 quod
865 3359 910 3398 me
925 3353 1035 3417 repente
1058 3333 1103 3398 ad·

409 3418 557 3490 spexemnt.

288 3491 337 3550 Sed
345 3494 473 3552 continuo
482 3498 587 3554 voltum
595 3517 687 3555 earum
700 3497 763 3555 sensr
773 3498 911 3569 immutari
926 3498 1064 3566 omnium,

289 3573 364 3652 Qria
389 3584 446 3627 tam
461 3574 633 3632 incommode
654 3577 706 3634 illis
726 3577 781 3633 fors
802 3578 936 3636 obtulerat
954 3577 1104 3636 adventum

405 3669 504 3712 meunt.
1038 3656 1102 3714 Una
