2480 4438
10 525 11 528 ’
114 523 132 558 l

269 611 308 676 54
425 583 937 662 auNuctroo

270 691 315 748 De
328 681 479 745 exelulione
491 684 607 744 verbum
616 683 733 744 nullum.
746 727 755 734 2·
775 685 821 744 Tb
845 685 920 766 Quid
931 691 1024 746 uoerr

270 763 320 826 Pb.
341 766 422 835 Sane,
439 764 508 842 quia
521 785 587 824 vero
600 763 652 824 hae
665 761 838 842 mihipatent
851 765 955 844 semper
964 763 1035 824 fores
1049 783 1057 820 ε
1084 796 1085 805 1

273 841 707 924 Autquiasumapudteprimua.
725 842 949 922 TbMissaistaec
960 844 1028 902 face.
1053 861 1088 901 ro

275 925 324 984 Ph.
339 923 418 1004 Qrid
428 924 530 982 missa?
551 923 677 992 oThair‚
690 919 789 992 Thais,
810 925 916 987 utinam
926 925 990 984 ellet
1000 923 1070 982 mihi

274 1006 339 1066 Paro
405 997 654 1070 uaamorirtecum,
675 994 912 1078 aepariterfieret,

274 1085 321 1144 Ut
331 1093 379 1144 aut
412 1101 445 1140 oc
458 1078 735 1150 tibidoleretitidem,
756 1093 787 1140 ut
800 1079 869 1155 mihi
882 1079 979 1140 dolet:
1056 1107 1060 1114 ⁴

277 1165 336 1222 Aut
348 1180 400 1239 ego
413 1160 478 1216 istuc
488 1157 535 1224 aba
543 1171 569 1218 te
580 1157 681 1226 fotium
698 1157 778 1218 nihili
791 1155 946 1238 penderem.

277 1243 324 1300 ab.
339 1241 385 1298 Ne
398 1237 536 1310 cruciate,
548 1237 669 1310 obsecro,
683 1240 831 1310 andnemi,
844 1239 884 1298 mi
892 1239 1036 1300 Phaedria.
1056 1262 1066 1301 r
1072 1260 1089 1334 5

275 1321 344 1381 Non
357 1317 415 1396 poi,
442 1337 498 1396 quo
511 1337 680 1398 quemquam
693 1318 753 1397 plus
775 1338 876 1390 aurem,
896 1332 944 1378 aut
956 1318 1018 1397 plue
1029 1318 1092 1380 dih·

277 1479 320 1540 Eo
331 1477 403 1536 feci:
423 1475 516 1535 sedita
528 1491 654 1536 tratres:
674 1469 831 1537 faciundum
842 1477 903 1536 fuit.

279 1559 331 1619 Pa.
351 1555 453 1692 Credo,
473 1571 503 1614 ut
515 1556 555 1627 fit,
575 1556 672 1646 misera
692 1577 757 1636 prae
778 1576 872 1618 amore
889 1554 999 1616 exclusti
1019 1555 1093 1616 hunc

413 1654 481 1694 orae.
937 1681 939 1690 .

280 1714 327 1774 Tb.
338 1713 442 1774 Siccine
454 1714 502 1784 aie,
524 1713 679 1776 Parmenol
708 1717 779 1796 agel
799 1715 844 1775 sed
857 1715 911 1778 huc
917 1735 973 1795 qua
986 1714 1075 1796 gratia

280 1795 326 1854 Te
339 1791 504 1870 arceliijuffi,
518 1791 648 1854 ausculta.
668 1795 719 1854 Pa.
735 1795 758 1854 F
759 1795 806 1854 iat.
829 1795 875 1854 ab.
889 1796 946 1856 Dic
955 1797 1040 1872 milri
1055 1815 1093 1856 ao

281 1873 485 1952 Hocprimum‚
506 1872 594 1958 potin'
606 1874 643 1932 est
656 1873 702 1933 hic
712 1869 800 1935 tatere
815 1869 831 1934 ἔ
848 1873 898 1933 Ρα.
912 1876 1008 1955 Egone
1022 1880 1032 1933 ἓ
1046 1894 1095 1951 op-

281 2033 389 2098 Verutu
402 2023 524 2112 heur'tu,
543 2033 596 2094 hac
608 2033 669 2114 lege
679 2031 727 2093 tibi
741 2022 984 2114 meamvadstrin'go
992 2031 1075 2092 fidem
1088 2051 1097 2088 ε

283 2116 364 2190 Quae
374 2133 439 2174 vera
451 2113 554 2184 audivi,
574 2127 661 2184 taceo,
682 2119 708 2172 oc
720 2111 847 2174 contineo
860 2127 992 2193 optumer

281 2195 331 2253 Sin
344 2192 450 2264 falsum,
470 2208 519 2252 aut
531 2213 643 2264 vanum,
663 2207 710 2252 aut
719 2193 813 2252 fillum
828 2194 874 2271 cll,
895 2195 1024 2255 continuo
1048 2209 1097 2270 pa-
1181 2199 1188 2210 ⁸

395 2273 519 2330 lamest.
869 2322 872 2329 .

283 2349 519 2406 Plenusrimarum
532 2345 600 2414 sum,
621 2346 674 2404 hac
683 2359 765 2422 atque
777 2347 840 2406 illac
853 2348 968 2424 perfluo.
1059 2367 1097 2426 25

283 2426 366 2484 Proin
380 2437 419 2494 tu,
439 2421 610 2494 tacerisrvis,
630 2443 695 2481 vera
705 2423 799 2482 dicito.
831 2479 832 2484 ,

285 2505 331 2562 Th.
346 2502 438 2560 Samia
451 2501 520 2558 inihi
533 2514 622 2558 mater
635 2501 687 2560 fuit
703 2521 710 2557 :
731 2521 763 2561 ea
775 2502 917 2564 habitabat
932 2499 1044 2563 Rhodia

283 2583 333 2642 Pa.
348 2579 436 2638 Potest
450 2579 533 2638 taceri
546 2579 608 2638 hoc.
631 2579 677 2636 ab.
691 2579 735 2638 Ibi
747 2594 806 2640 tum
819 2583 902 2641 matri
915 2585 1058 2662 parvolam

283 2659 406 2721 Puellam
419 2657 492 2716 dono
502 2658 616 2736 quidam
629 2673 766 2718 mercator
778 2659 861 2729 dedit,
941 2721 942 2726 ,

284 2740 326 2798 Ex
338 2739 431 2797 Attica
445 2736 509 2796 hinc
520 2737 669 2816 abreptam.
709 2737 756 2796 Ph.
778 2739 931 2802 Civemne?
975 2741 1022 2800 Th.
1043 2743 1098 2801 Ar-

367 2869 368 2874 ,
401 2817 511 2876 bitror:
835 2831 837 2836 ·
1078 2841 1100 2886 ο,

285 2898 399 2960 Certum
409 2917 465 2956 non
474 2893 589 2956 scimusz
608 2895 702 2956 matris
715 2917 815 2958 nomen
829 2905 855 2958 δι
867 2900 950 2978 patris
1061 2841 1077 2898 ἃ

285 2977 403 3042 Dicebat
416 2975 489 3056 ipsa:
509 2976 626 3055 patriam
641 2981 667 3035 δε
678 2975 752 3060 dgna
762 2991 869 3036 caetera

284 3060 385 3136 Neque
398 3057 512 3118 sciebat:
533 3075 620 3134 neque
630 3075 678 3134 per
684 3069 805 3117 aetatem
815 3058 1047 3137 etiampotuerat.

284 3138 425 3197 Mercator
434 3137 487 3196 hoc
497 3133 623 3207 addebat,
643 3155 659 3194 e
672 3135 861 3214 praedonibus,

284 3215 369 3274 Unde
382 3231 494 3286 emerat,
515 3214 542 3273 se
555 3215 664 3285 audille‚
685 3215 825 3294 abreptam
839 3238 855 3275 e
867 3217 965 3278 Sunio.
1058 3235 1093 3296 35

287 3293 380 3352 Mater
389 3296 436 3354 ubi
449 3296 562 3372 accepit,
583 3294 793 3374 coepitliudiose
807 3297 901 3358 omnia

285 3371 402 3441 Docere,
422 3374 546 3444 educare,
569 3375 606 3432 ita
621 3374 690 3432 utisr
703 3375 841 3435 eisetfilia.

285 3451 413 3512 Sororem
427 3451 548 3529 plerique
562 3454 614 3513 elle
628 3454 772 3518 credebant
785 3475 884 3516 meam.
944 3463 953 3472 “

1038 3533 1098 3611 Ero
