2508 4450
201 580 246 640 Μ.
268 577 381 648 ANT,
400 575 610 642 MURETI
634 549 874 646 Auouutunuu,
916 589 976 649 ²²9

158 677 210 736 tale
230 676 338 752 aliquid
357 675 530 751 cotoffabatur.
572 675 642 732 Erat
658 674 803 750 Demiphoni
806 673 880 750 filius
894 671 970 726 Ansi-

153 755 210 831 pho.
252 753 339 830 Qum
348 759 431 832 igitur
445 755 572 810 Phanium
589 754 725 830 quindecim
729 753 792 829 jam
805 747 909 807 haberet
921 771 968 806 aa·

156 855 206 902 nos,
227 837 373 900 conveniunt
386 835 486 908 interse
502 831 668 894 Chremes&
693 831 822 908 Demipho,
843 843 871 886 ut
886 829 967 886 Chre-

156 934 206 989 mes
218 914 315 989 quidem
327 914 361 973 Εἴ
378 913 504 970 Lemniam
524 935 632 982 uxorem,
664 911 698 972 ὅ
714 911 840 968 Phanium
855 908 969 966 Athenas

155 991 293 1056 clanculum
311 994 466 1057 adducerem
494 991 611 1068 Demipho
623 1013 684 1050 voro
709 990 835 1047 Phanium
847 987 907 1060 filio
919 991 968 1058 steo

157 1093 257 1142 uxorem
269 1073 350 1132 daret.
390 1071 454 1149 Ejus
479 1076 518 1128 rei
534 1073 612 1147 causa
631 1071 795 1148 proficiscitur
813 1071 840 1124 in
854 1069 977 1128 Lemnum

158 1148 284 1212 Chremes.
327 1151 416 1208 Eodem
426 1165 528 1228 tompore
541 1151 647 1218 accidit,
667 1165 695 1207 ut
714 1148 861 1224 Demiphoni
874 1169 919 1224 quo
935 1170 966 1206 ue

156 1231 207 1284 iter
218 1233 274 1306 effet
287 1234 314 1287 in
336 1229 466 1289 Ciliciam.
508 1225 629 1286 Abeuntes
643 1227 722 1297 ambo,
745 1229 825 1284 Getae
848 1227 867 1304 (
880 1235 901 1285 is
913 1171 965 1285 he-

155 1305 273 1386 miphonis
284 1315 381 1383 servus
395 1323 453 1366 erat
467 1303 485 1383 )
498 1307 570 1382 filios
581 1313 732 1364 committunt
735 1312 801 1382 suos.
841 1307 972 1383 Profet‘iis,

146 1385 258 1460 senibus,
279 1387 409 1446 Phaedria
417 1387 539 1464 festatim
555 1386 876 1464 Citharestriaecujustlani
885 1411 968 1448 amore

155 1466 275 1542 implicat.
317 1468 368 1524 Sed
377 1468 420 1524 hoc
434 1480 492 1524 erat
506 1467 655 1536 incommodi,
676 1467 746 1543 quod,
766 1471 810 1543 qui
818 1487 837 1522 a
851 1466 929 1524 lenone
941 1491 970 1530 e·,

154 1561 237 1616 meret,
258 1547 412 1624 quoddaret,
431 1545 503 1603 nihil
510 1544 630 1602 habebat.
663 1546 759 1602 Interea
770 1566 856 1604 uxore
870 1546 971 1634 Lemno,

154 1647 238 1700 quoto
245 1641 344 1701 propter
356 1639 538 1702 paupertatem,
558 1630 619 1683 viri
630 1626 725 1684 tt't'utius
732 1628 816 1701 forto,
836 1646 912 1700 quam
921 1631 969 1704 so-

125 1756 130 1766 ,
155 1702 233 1770 lebat,
253 1708 373 1762 morantis
386 1705 523 1758 adventum
536 1707 679 1778 exspectare
692 1727 735 1760 non
744 1709 826 1782 paffet,
840 1708 971 1784 conscensa,

156 1785 235 1850 navi,
257 1781 370 1838 Athenas
389 1803 439 1837 nna
459 1802 513 1836 cum
523 1781 586 1854 filia
608 1780 642 1842 δεῖ
661 1787 757 1836 nutrice
777 1786 848 1860 ipfius
870 1792 965 1848 veuit:

155 1851 278 1944 quaerunt
294 1859 442 1937 Stilphonem
449 1853 562 1934 fiussra.
604 1857 721 1926 Athenis,
733 1865 926 1939 quiquemquam
940 1889 970 1938 eo⁶

155 1945 247 2000 nomine
260 1942 340 2015 npſjet,
354 1938 524 2016 reperiebatur
533 1960 606 1995 nemo.
648 1935 691 1994 Ibi
699 1951 781 1994 mater
795 1939 812 2015 (
820 1954 895 1996 tanta
908 1964 969 2018 earn

155 2019 286 2096 aegritudo
304 2033 401 2095 ceperat
412 2015 429 2094 )
453 2022 564 2074 moritur.
606 2015 643 2072 Et
643 2019 726 2090 sunus
739 2039 789 2072 una
804 2041 858 2086 cum
867 2027 965 2089 nutrice

150 2111 324 2174 procurantem
339 2097 465 2153 Phanium
484 2118 557 2172 quum
578 2097 725 2173 adspexfflt
750 2095 865 2174 Antipho,
878 2099 968 2174 subito

157 2198 240 2233 amore
254 2175 324 2233 illius
341 2177 445 2252 exasstt.
486 2174 561 2231 Venit
573 2175 612 2231 ad
621 2175 741 2230 nutricem
750 2176 873 2250 postridie,
894 2193 922 2235 ut
939 2202 964 2236 e-

146 2257 196 2332 jus
200 2253 254 2331 fibi
272 2259 364 2332 copiam
369 2259 484 2332 faceret,
503 2252 649 2329 obsecrans:
676 2253 724 2310 illa
740 2257 780 2330 se,
800 2257 964 2334 uiſspuellam

153 2340 254 2395 uirorum
265 2335 374 2403 duceret,
382 2338 613 2412 fotluramnegat.
660 2331 709 2401 Illi,
730 2355 802 2411 quum
813 2333 848 2396 &i
858 2339 964 2414 quidvis

147 2419 244 2492 faeere
265 2428 370 2492 cuperet,
391 2413 426 2474 ὅ
436 2428 536 2490 patrem
548 2412 668 2486 absentem
679 2429 821 2482 vereretur,
837 2419 966 2492 parasttus

157 2494 270 2551 Phormio
281 2493 324 2550 hoe
338 2492 460 2570 confilium
472 2494 547 2549 dedit.
590 2491 644 2547 hex
653 2491 832 2563 eratAthenis,
853 2509 881 2554 ut
890 2496 965 2556 orbas

151 2573 258 2652 puellas,
279 2577 324 2650 qui
336 2577 380 2641 eis,
396 2595 486 2651 genere
495 2575 606 2649 proximi
621 2573 702 2648 efflat,
721 2572 817 2641 ducere,
838 2577 919 2652 autsi
937 2579 970 2635 id

985 4 1219 186 A

156 2654 252 2721 nollent,
273 2653 349 2709 dotem
363 2657 398 2710 eis
420 2655 483 2710 dore
493 2665 643 2730 cogerentur.
684 2651 746 2728 Ego,
767 2656 849 2729 inquit
864 2659 965 2735 parafi-
1027 2667 1053 2696 ·‘

157 2747 207 2800 tus,
219 2731 353 2806 fimulabo,
380 2755 416 2788 me
427 2736 499 2809 patri
521 2734 635 2808 virginis
648 2734 849 2809 amicumfuiffe‚
870 2736 967 2812 ideoque

157 2812 267 2886 careffam
280 2810 349 2867 illius
349 2815 472 2886 susscipere
484 2833 493 2867 :
513 2807 609 2866 vocabo
621 2823 644 2865 te
655 2814 682 2864 in
681 2811 818 2885 judicium,
838 2825 967 2890 tamquam

157 2889 231 2947 illius
245 2903 382 2964 cognatum,
402 2903 525 2964 tecumque
539 2888 590 2964 loge
604 2909 690 2964 agam,
711 2901 803 2943 uteam
811 2891 896 2947 ducas.
929 2892 965 2952 Tu

158 2974 200 3029 s'ta
209 2981 233 3022 te
246 2967 367 3042 defendes,
388 2980 415 3022 ut
425 2967 490 3023 mihi
492 2967 602 3040 facilem
611 2970 751 3021 vitreriam
761 2967 903 3041 praebeas:
924 2975 966 3030 ita

158 3043 351 3110 condemnabere.
393 3044 436 3101 Sic
438 3046 496 3118 fiet,
518 3059 545 3101 ut
560 3043 593 3103 δ’
608 3057 636 3106 tu
654 3048 831 3120 potiaristua,
849 3046 883 3107 ἔθ’·
890 3064 967 3124 patre

159 3127 269 3201 reverso,
287 3138 406 3200 paratam
416 3127 594 3198 excusatimem
608 3121 712 3179 habeas.
754 3123 963 3199 hofiuntomnia,

158 3217 187 3265 ut
196 3203 455 3280 parafitussteafitrat,
498 3202 626 3276 confinis
635 3201 698 3276 jam
710 3206 810 3277 nuptiis,
830 3207 905 3263 eodem
925 3205 966 3266 die

157 3281 230 3342 ambo
248 3281 348 3338 redeunt
353 3283 442 3356 senes:
476 3279 579 3337 turbari
598 3294 722 3356 uterque:
753 3281 805 3351 ilie,
824 3287 889 3360 quod
889 3287 964 3360 filius

156 3357 421 3427 belotatam'uuorem
436 3361 465 3434 se
478 3358 586 3434 absinte,
606 3360 732 3434 durrfflt:
752 3358 803 3431 hie,
824 3366 969 3440 quodvere·

159 3438 239 3518 retur,
259 3463 297 3516 ne,
317 3437 454 3522 ereptasthi
466 3438 516 3505 hoc
520 3437 756 3578 1cpllpeundoefiliae
768 3443 893 3522 oseastnne,
913 3459 968 3502 tora

531 3577 538 3595 ἡ
573 3581 577 3594 ,
607 3536 631 3596 2⁴
929 3545 973 3588 teo.
